2334 4067
305 468 371 557 πῄ
460 471 863 546 CARMINUM

300 593 395 644 Vincla
412 594 555 659 verbenis,
571 612 634 650 avet
652 597 793 652 immolato

407 679 532 750 Spargier
551 697 629 751 agno.

302 762 405 817 canda
422 765 525 819 festinat
543 783 637 820 manus
652 786 660 828 ;
676 768 728 822 huc
747 769 773 820 δι
789 767 853 821 illuc

254 848 434 902 meursium
453 851 534 902 miste
554 853 644 920 pueris
665 856 785 921 puellae:

299 936 438 988 Sordidum
456 935 570 990 flamme
589 938 721 1008 trepidant
740 951 859 992 rotantes

406 1023 513 1075 Vertice
532 1024 645 1078 fumum.

298 1109 336 1159 Ut
355 1121 444 1160 tamen
463 1109 539 1160 odric
557 1109 652 1176 quibus
672 1107 811 1160 advoceris

300 1192 412 1246 Gaudiis
427 1232 435 1256 ,
451 1193 512 1245 Idus
531 1193 580 1245 ribi
600 1193 659 1244 sunt
677 1195 802 1262 agendae‚

252 1278 282 1338 ις
299 1277 353 1343 Qui
371 1278 428 1331 dies
447 1278 565 1330 mensem
579 1279 693 1332 Veneris
713 1278 821 1330 marinae

406 1362 494 1416 Findit
513 1363 633 1432 Aprilem
651 1380 658 1414 ι

297 1449 361 1503 lure
380 1449 499 1502 solennis
519 1449 605 1513 mihi,
625 1449 792 1517 sandliorque

298 1535 370 1587 Pene
389 1536 470 1587 natali
489 1536 622 1603 proprio,
639 1534 711 1603 qudd
729 1551 763 1586 ex
782 1535 831 1587 hac

300 1619 369 1672 Luce
388 1621 523 1673 Maecenas
543 1637 619 1672 meus
639 1619 776 1674 affluentes
876 1623 878 1628 ’

251 1716 287 1754 2o
408 1706 523 1758 Ordinat
542 1721 637 1760 annos.

297 1791 464 1859 Telephum,
480 1807 560 1858 quem
579 1805 609 1842 tu
628 1789 715 1858 petis,
732 1784 891 1858 occupavic'

190 1939 193 1945 ¹
297 1875 362 1928 Non
380 1888 432 1926 tuae
452 1875 531 1927 sortis
550 1873 679 1941 juvenem
698 1877 787 1944 puella

297 1959 402 2023 Dives,
419 1961 446 2011 δι
462 1961 579 2024 lasciva,
597 1976 721 2030 tenetque
741 1959 814 2032 gratd

315 2104 318 2109 ¹
408 2047 545 2113 Compede
564 2045 695 2097 vincum.

253 2145 284 2196 25
298 2133 392 2185 Terret
411 2130 540 2184 ambustus
561 2131 680 2183 phaeton
699 2149 790 2184 avaras

298 2221 386 2288 Spes;
404 2220 601 2286 &exemplum
620 2233 699 2288 grave
719 2217 816 2286 praebet
835 2219 889 2271 ales

298 2306 429 2373 Pegasus,
447 2319 581 2356 terrenum
601 2304 718 2371 equitem
738 2318 861 2372 gravatus

407 2388 632 2454 Bellerophonten
644 2427 652 2450 ‚

300 2475 409 2542 Semper
427 2487 456 2523 ur
475 2487 501 2524 te
520 2473 598 2541 digna
618 2473 725 2540 sequare
741 2491 749 2534 ς
767 2473 809 2537 &‚
822 2471 891 2526 ulrrd

254 2573 288 2626 30
302 2561 388 2626 Quam
406 2557 470 2610 licet
489 2558 591 2627 sperare
611 2558 683 2610 nefas
702 2561 839 2626 putando,

300 2647 438 2714 Disparem
456 2643 535 2696 vites.
554 2644 626 2713 Age,
642 2643 696 2710 jam
715 2657 856 2697 meorum·

408 2729 480 2782 Finis
499 2746 619 2781 amorum
779 2775 784 2794 ,

300 2817 389 2885 (Non
407 2815 479 2866 enim
498 2813 604 2881 posthac
623 2813 674 2866 alid
694 2815 785 2868 calebo

299 2899 430 2968 Femind)
447 2888 568 2950 condisce
588 2900 703 2964 modos,
721 2898 830 2953 amandi

256 3004 285 3058 35
300 2987 374 3041 Voce
393 3001 461 3056 quos
480 2985 580 3036 reddas.
600 2983 757 3038 Minuentur
773 2999 835 3038 atra

410 3060 629 3126 Carmine'curae.
