2334 4067
338 519 406 589 244
478 505 902 576 Snnrnnnvrr

333 619 435 688 finiet,
449 641 509 678 ante
527 643 634 696 gravem
654 647 712 698 quae
729 627 823 698 legerit
841 629 934 679 arbore
951 623 1056 679 solem}

333 710 452 766 Aufidius
471 714 534 766 sorti
553 715 677 768 miscebat
696 719 773 768 mella
791 716 922 767 Falerno:

287 801 316 853 25
332 797 484 860 Mendose5
501 802 627 869 quoniam
644 803 735 855 vacuis
753 801 919 855 committere
934 799 1022 852 venis

332 879 377 931 Nil
397 881 448 933 nisi
467 885 525 934 lene
545 886 629 935 decet.
648 885 713 936 Leni
731 884 874 953 praecordia
892 884 980 936 mulso

331 963 462 1020 Prolueris
482 969 586 1023 melitis,
606 970 633 1020 Si
653 971 715 1021 dura
734 971 879 1023 morabitur
896 973 995 1034 alvus,

330 1051 460 1116 Munius,
476 1056 501 1105 &
518 1055 586 1106 viles
606 1057 704 1121 pellent
723 1054 850 1108 obstantia
868 1055 996 1116 conchae,

331 1139 363 1188 Et
378 1139 476 1206 lapathi
493 1139 581 1192 brevis
597 1141 689 1202 herba,
701 1141 745 1191 sed
760 1142 819 1192 albo
833 1157 888 1192 non
902 1139 958 1192 sine
973 1139 1056 1195 Coo·

286 1229 319 1284 30
332 1223 440 1276 Lubrica
459 1226 593 1278 nascentes
612 1225 724 1292 implent
743 1224 882 1295 conchylia
901 1225 994 1276 Lunae.

330 1309 381 1360 Sed
398 1325 454 1361 non
472 1327 552 1363 omne
570 1327 641 1362 mare
659 1309 695 1363 est
713 1311 846 1378 generose
862 1309 948 1362 fertile
963 1308 1057 1362 tesiae.

330 1394 434 1448 Murice
453 1396 552 1463 Bajano
571 1398 667 1448 melior
683 1395 794 1448 Lucrina
812 1395 937 1462 peloris;

331 1481 424 1536 Ostrea
444 1483 570 1546 Circaeis,
589 1482 695 1534 Miseno
714 1481 835 1532 oriuntur
852 1479 966 1540 echinis

331 1569 479 1621 Pedinibus
498 1569 594 1636 patulis
612 1565 690 1630 jaciat
707 1565 734 1616 se
753 1566 835 1615 molle
852 1565 1017 1620 Tarentum.

285 1659 315 1713 35
331 1657 385 1706 Nec
400 1654 449 1706 sibi
464 1667 598 1704 coenarum
613 1648 702 1716 quivit
716 1661 816 1697 temere
828 1661 934 1715 arroget
947 1658 1061 1713 artem

330 1740 392 1790 Non
410 1737 482 1804 pritis
502 1733 593 1786 exasia
611 1731 685 1784 tenui
703 1731 805 1783 ratione
823 1730 958 1798 saporum.

304 1853 308 1862 -
329 1824 386 1874 Nec
404 1821 465 1874 satis
485 1819 521 1874 est
540 1818 600 1872 cari
618 1818 702 1886 pisces
720 1824 840 1870 auertere
859 1817 971 1882 mensi,
1005 1845 1009 1848 ·

329 1908 450 1978 Ignarum
470 1907 564 1977 quibus
583 1904 619 1958 est
638 1904 678 1969 ius
697 1904 802 1973 aptius,
820 1904 847 1954 &
865 1902 959 1972 quibus
980 1908 1056 1960 assis

330 1992 477 2063 Languidus
497 1993 524 2044 in
543 1992 658 2044 cubitum
676 1989 729 2053 jam
745 1988 771 2041 se
788 1988 905 2041 conviva
921 2006 1057 2058 reponet.

283 2087 319 2137 40
330 2078 446 2140 Umber,
462 2077 488 2128 δι
506 2075 588 2144 iligna
608 2073 722 2126 nutritus
741 2075 850 2141 glande,
864 2077 992 2129 rotundas

332 2165 431 2216 Curvat
449 2178 511 2230 aper
529 2164 616 2212 lances
635 2175 739 2210 carnem
756 2157 867 2210 vitantis
886 2159 1025 2218 inertem:

324 2252 397 2301 -Nam
407 2249 519 2300 Laurens
529 2249 613 2297 malus
622 2243 747 2308 esi‚nlvis
757 2243 916 2297 &arundine
925 2245 1051 2316 pinguis.

330 2333 416 2384 Vinea
433 2331 574 2384 summittit
591 2345 696 2395 capreas
715 2345 770 2381 non
789 2329 891 2396 semper
907 2332 1010 2386 edules.

331 2417 469 2469 Foecundae
488 2413 588 2482 leporis
607 2413 709 2480 sapiens
727 2413 865 2466 sectabitur
883 2431 982 2469 minos.

284 2522 317 2572 45
333 2501 460 2564 Piscibus,
469 2515 545 2568 atque
560 2498 651 2550 avibus
665 2515 724 2565 que
737 2511 844 2562 natura,
854 2499 880 2550 &
891 2500 960 2552 soret
972 2516 1051 2568 aetas,

335 2591 402 2640 Ante
420 2603 508 2638 meum
527 2583 595 2636 nulli
612 2582 698 2652 patuit
716 2583 824 2651 quesita
842 2586 968 2653 palatum.

285 2676 351 2726 Sunt
362 2689 474 2741 quorum
485 2669 620 2740 ingenium
631 2685 702 2722 nova
713 2667 812 2720 tannim
823 2669 932 2723 crustula
943 2674 1058 2739 promit.

332 2760 503 2824 Nequaquam
521 2753 582 2806 sutis
599 2755 628 2821 in
643 2771 672 2805 re
688 2769 741 2804 una
758 2754 911 2806 consumere
926 2771 1039 2810 curam:

333 2841 403 2894 Ursi
418 2841 476 2909 quis
485 2841 570 2891 solum
583 2840 650 2901 hoc,
664 2840 730 2890 mala
738 2853 772 2891 ne
785 2838 838 2890 sint
850 2839 913 2891 vina
922 2841 1054 2910 umores,

288 2944 320 2995 50
333 2926 412 2994 Quali
431 2925 566 2993 perfundat
584 2921 668 2990 pisces
686 2922 789 2975 securus
808 2923 895 2978 olivo.

333 3009 446 3063 Massica
464 3008 488 3060 si
505 3010 575 3060 coelo
595 3006 725 3074 supponas
744 3007 807 3060 vina
825 3007 936 3072 sereno,

332 3093 484 3161 Nummi,
498 3093 521 3148 si
539 3091 604 3164 quid
620 3091 701 3147 crassi
718 3090 770 3157 est,
785 3091 933 3147 tenuabitur
947 3087 1028 3167 aurii
