2334 4067
303 531 348 605 14
459 518 929 589 Crautuurt‘

266 640 283 703 '5
295 636 401 695 Evitata
414 638 502 707 rotis,
519 643 660 715 palmaque
674 641 773 697 nobilis

296 724 437 779 Terrarum
453 728 577 783 dominos
592 726 685 782 evehit
699 730 732 781 ad
745 729 821 781 Deos
833 743 844 787 ς

297 808 393 875 Hunc,
410 811 433 864 si
448 814 590 867 mobilium
606 815 681 867 turba
695 812 844 881 Quiritium

298 896 389 948 Certat
406 898 560 969 tergeminis
578 902 674 953 tollere
688 898 862 957 honoribus&

296 982 396 1047 Illum,
414 984 438 1037 si
456 983 569 1055 proptio
586 983 707 1038 condidit
721 986 820 1038 horreo

250 1085 285 1126 ιο
298 1066 437 1136 Quidquid
454 1072 486 1123 de
501 1069 610 1141 Libycis
626 1070 742 1123 verritur
759 1068 838 1125 ateis.

299 1151 467 1207 Gaudentem
483 1155 584 1223 patrios
601 1154 701 1209 findere
717 1156 820 1208 sarculo
855 1218 859 1224 ⁴

297 1236 404 1307 Agros,
423 1240 543 1294 Attalicis
561 1240 760 1295 conditionibus
809 1268 813 1276 ·

297 1322 449 1391 Numquam
467 1326 626 1390 dimoveas,
645 1341 676 1378 ut
693 1328 766 1379 trabe
781 1322 885 1394 Cyprii

296 1408 440 1479 Myrtoum
457 1412 570 1481 pavidus
588 1427 667 1464 nauta
683 1412 753 1465 fetet
768 1426 850 1464 mare.

252 1524 283 1579 15
298 1498 452 1551 Lubiantem
468 1497 559 1552 Icariis
574 1496 698 1551 fluetibus
714 1497 833 1551 Africum

298 1586 434 1639 Mercator
450 1600 590 1647 metuens,
608 1583 696 1637 otium
711 1583 738 1636 bt
753 1582 848 1653 oppidi

194 1726 195 1731 ,
297 1670 397 1723 Laudat
413 1688 473 1723 rura
490 1670 549 1731 sui3
566 1687 634 1723 mox
648 1668 735 1724 reficit
751 1684 820 1723 rates

297 1754 427 1822 Quaffas,
443 1754 567 1808 indocilis
582 1755 737 1824 pauperiem
752 1755 821 1825 pati.

297 1836 340 1891 Est
355 1839 401 1909 qui
417 1854 466 1893 nec
484 1840 583 1894 veteris
601 1842 698 1909 pocula
712 1839 843 1902 Massici,

249 1928 287 1977 '20
297 1923 354 1975 Nec
371 1938 474 1991 partem
491 1926 578 1980 solido
593 1928 698 1979 demere
714 1927 746 1979 de
762 1926 805 1979 die
874 1930 883 1945 '

299 2009 426 2077 Spernit,
446 2028 516 2064 nunc
533 2011 614 2065 viridi
630 2013 745 2064 membra
762 2012 808 2064 sub
826 2013 924 2064 arbuto

299 2094 420 2159 Stratus,
439 2112 510 2149 nunc
525 2098 557 2149 ad
572 2114 646 2166 aquae
661 2100 721 2149 lene
737 2114 816 2166 caput
829 2099 919 2151 sucta.

299 2180 405 2234 Multos
421 2180 500 2235 castra
515 2182 628 2249 juvant,
650 2182 761 2235 &lituo
776 2184 844 2235 tubae

299 2264 450 2321 Permixtas
466 2267 590 2332 sonitus,
608 2269 729 2337 bellaque
745 2268 873 2322 matribus

249 2376 284 2430 25
299 2353 442 2429 Detestata.
461 2354 554 2407 Manet
570 2354 616 2405 sub
633 2353 703 2408 Jove
718 2352 815 2429 frigido

299 2436 441 2500 Venator,
457 2451 555 2490 tenerae
571 2436 693 2506 conjugis
710 2438 875 2505 immemor,

298 2522 354 2581 Seu
364 2522 421 2575 visa
436 2522 472 2575 esi
488 2521 586 2575 catulis
599 2538 681 2575 cerva
691 2520 833 2589 fidelibus,

298 2610 354 2660 Seu
366 2608 439 2676 rupit
455 2622 552 2663 teretes
568 2607 672 2662 Marsus
687 2624 750 2678 aper
764 2611 863 2681 plagas.

298 2686 347 2745 Me
365 2692 501 2746 dotiarum
515 2695 599 2746 ederae
614 2693 723 2762 premia
736 2694 867 2746 frontium

251 2798 287 2857 30
298 2779 349 2831 Dis
364 2778 475 2833 miscent
492 2777 616 2847 superis:
631 2794 675 2831 me
689 2779 807 2850 gelidum
822 2797 939 2847 neruus,

292 2866 536 2935 ,Nympharumque
550 2864 626 2915 leves
641 2878 702 2915 cunt
715 2864 818 2934 Satyris
834 2866 913 2919 chori

234 3018 235 3021 Ἴ
299 2953 447 3005 Secetnunt
462 2950 587 3020 popul03
606 2946 630 3000 si
646 2964 735 3017 neque
747 2949 828 3003 tibias

299 3036 413 3105 Euterpe
428 3034 553 3097 cohibet,
571 3048 622 3085 nec
636 3033 819 3104 Polyhymnia

298 3122 433 3180 Lesboum
447 3120 549 3192 refugit
561 3120 674 3174 tendere
683 3120 820 3175 barbiton.
