2334 4067
385 521 606 591 Lraan
667 520 697 589 l.
836 540 905 614 303

182 633 286 689 Ennius
301 636 358 707 ipse
372 654 449 707 pater
462 656 609 710 numquam
625 639 679 693 nisi
695 652 776 708 potus
791 639 824 690 ad
838 654 913 691 arma

181 722 311 777 Prosiluit
325 725 445 781 dicenda.
458 728 556 782 Forum
571 727 714 799 puteal'que
727 727 841 781 huonis-

180 807 314 863 Mandabo
330 810 425 875 siccis,
439 812 553 867 adimam
568 830 673 868 cantate
688 813 799 868 severis.

180 894 244 947 Hoc
261 894 341 949 simul
356 897 445 961 edixi,
461 915 518 951 non
532 900 665 953 ceffavere
679 900 767 968 pocta·
916 914 951 953 ao

180 978 323 1035 Nodurno
341 998 442 1037 certare
460 1000 552 1049 mero,
569 1001 662 1053 purete
677 984 784 1038 diurno.

181 1062 279 1128 Quid?
291 1066 316 1119 si
331 1067 390 1136 quis
405 1071 484 1123 vultu
500 1084 582 1140 torvo
596 1072 685 1133 serus,
695 1071 722 1123 dt
733 1071 800 1139 pede
813 1068 901 1126 nudor

180 1148 345 1219 Exiguaeque
360 1168 431 1223 togae
447 1154 556 1207 simulet
571 1169 677 1207 textore
692 1155 838 1216 Catonern,

181 1234 353 1289 virtutemne
369 1240 538 1306 repraesenter
555 1240 695 1307 moresque
712 1239 847 1291 Catonis?

182 1318 268 1387 Rupit
283 1320 438 1390 Hyarbitam
452 1323 609 1393 Timagenis
625 1326 721 1375 aemrrla
735 1323 845 1390 lingua,
917 1345 950 1396 η

182 1406 259 1457 Dum
274 1405 357 1459 studet
373 1407 506 1477 urbanus,
521 1408 657 1474 tenditque
675 1407 786 1460 disertus
802 1403 903 1458 haberi.

181 1488 293 1559 Decipit
307 1494 445 1561 exemplar
458 1492 534 1547 vitiis
549 1492 688 1544 imitabile.
703 1490 784 1558 Quid
797 1493 822 1542 si

154 1609 157 1615 ·
182 1576 313 1633 Palletern
330 1578 409 1642 casu,
421 1578 542 1631 biberent
558 1577 692 1647 exsangue
707 1576 855 1629 cuminum.

183 1662 212 1715 0
227 1662 391 1728 imitatores,
403 1664 510 1716 servunt
524 1679 625 1731 pecus,
636 1678 666 1715 ut
681 1662 748 1715 milri
761 1662 831 1730 saepe

183 1748 288 1810 Bilenr‚
302 1750 369 1817 saepe
385 1748 478 1814 jocum
491 1749 572 1801 vestri
588 1766 699 1801 movere
714 1751 864 1802 tumultus!
917 1770 953 1809 ιο

182 1832 278 1885 Libera
293 1850 470 1901 pervacuum
485 1835 562 1901 posui
576 1834 685 1903 vestigia
701 1836 844 1903 princepst

182 1919 248 1970 Non
265 1918 350 1969 aliena
365 1934 428 1969 meo
445 1918 530 1985 pressi
547 1920 623 1985 pede.
637 1919 692 1985 Qui
708 1920 759 1971 sibi
776 1919 855 1983 fidit,

180 2002 247 2054 Dux
263 2002 331 2072 regit
347 2018 469 2055 examen.
485 2002 576 2055 Parios
591 2020 643 2073 ego
658 2004 758 2072 primus
773 2006 883 2057 lambos

181 2087 296 2142 Ostendi
311 2084 407 2153 Latio,
423 2104 549 2141 numeros
567 2089 723 2158 animosque
737 2092 863 2159 sequutus

181 2172 353 2239 Archilochi,
366 2192 422 2227 non
437 2194 479 2229 res
493 2175 635 2245 &agentia
649 2177 730 2227 verba
742 2174 903 2243 Lycamben.
917 2198 951 2248 25

182 2262 223 2314 Ac
238 2278 272 2315 ne
287 2278 330 2313 me
345 2260 420 2313 loliis
437 2262 499 2315 ideo
515 2259 682 2312 brevioribus
698 2274 798 2322 ornes,

180 2343 265 2411 Quid
281 2344 361 2397 timui
377 2360 479 2397 mutare
495 2345 593 2395 modos
608 2343 769 2396 &carminis
785 2358 888 2403 artem

180 2429 908 2498 TemperarArchilochiMusampedemasculaSappho,

181 2517 328 2586 Temperat
343 2517 445 2567 Alcaens
458 2533 467 2575 3
481 2516 525 2567 sed
541 2515 618 2565 rebus
635 2514 662 2565 &
677 2514 771 2566 ordine
786 2515 886 2582 dispar,

181 2604 241 2656 Nec
251 2596 373 2655 socerum
383 2599 577 2669 quaerit,quem
589 2597 709 2649 versibus
721 2598 823 2649 oblinat
835 2598 913 2661 atris,
921 2621 957 2674 30

182 2690 241 2740 Nec
256 2687 357 2755 sponse
372 2688 497 2755 laqueum
511 2684 616 2736 famoso
631 2683 749 2737 carmine
762 2684 855 2738 nerlii.

183 2771 263 2830 Hunc
275 2788 340 2841 ego,
355 2788 411 2825 uon
424 2770 479 2823 alio
494 2768 593 2821 dietum
608 2767 683 2836 prius
697 2784 760 2832 ore,
771 2769 882 2821 Latinus

183 2857 303 2926 Vulgari
316 2856 422 2911 fidicen.
433 2858 513 2911 Juvat
527 2857 711 2907 immemorata
723 2856 855 2909 serentem

185 2942 311 3009 ingenuis
329 2942 464 3010 oculisque
479 2941 548 3010 legi,
561 2940 732 3009 manibusque
746 2941 840 2992 teneri.

187 3024 262 3079 Scire
276 3024 363 3085 velis,
377 3041 435 3077 mea
451 3041 498 3075 cur
512 3024 629 3092 ingratus
644 3021 771 3089 opuscula
786 3020 871 3073 lesi'or
900 3085 904 3091 .
920 3051 952 3105 35

187 3108 417 3179 Laudet,ametque
424 3108 689 3177 domi‚prematextra
698 3108 780 3160 limen
786 3106 909 3177 iniquus}
