2334 4067
321 445 586 560 'sinin
648 491 676 558 l.
813 480 877 582 265

158 592 255 653 Virtus
273 597 311 654 est
328 605 426 659 virium
444 611 557 680 fugem
572 608 740 680 &sapientia
758 609 845 678 prima

162 685 280 741 stultitia
298 688 416 746 caruisse.
429 695 533 762 Vides,
547 716 606 768 qua
625 696 743 750 maxima
760 694 845 747 credis

163 768 220 822 Effe
231 775 442 846 mala,exiguum
453 783 570 847 censum,
575 798 733 852 turpemque
743 780 885 850 repulsam,

164 855 274 921 Quanto
291 861 395 915 devites
413 865 497 920 animi
510 907 525 930 ,,
535 869 680 938 capitisque
699 869 813 920 labore?

163 941 280 1012 Impiger
298 961 434 1002 extremos
454 953 537 1005 curris
556 969 689 1006 mercator
706 953 738 1004 ad
757 951 855 1012 indos,
895 960 928 1012 45

164 1027 216 1082 Per
225 1046 297 1082 mare
307 1035 462 1100 pauperiem
472 1038 591 1107 fugiens,
601 1038 718 1106 persana
727 1053 789 1104 ,per
799 1035 885 1104 ignes.

74 1175 76 1183 y
164 1115 206 1167 Ne
223 1131 299 1168 cures
317 1135 367 1182 ea,
387 1138 446 1188 quae
464 1122 542 1176 stulte
560 1124 664 1176 miraris
685 1124 711 1175 ἃ
728 1137 824 1190 optas,

164 1199 292 1262 Discere,
303 1203 329 1252 δι
340 1204 443 1268 audire,
456 1207 482 1259 δι
494 1209 602 1260 meliori
622 1211 727 1261 credere
746 1223 802 1260 non
819 1205 884 1260 vis?

165 1282 239 1348 Quis
254 1284 355 1336 circum
371 1304 454 1358 pagos
471 1291 497 1342 δι
507 1292 608 1345 circum
625 1293 743 1362 compita
760 1309 884 1362 pugnax,

166 1367 266 1437 Magna
281 1370 404 1422 coronari
419 1388 574 1428 contemnat
591 1378 737 1447 Olympia,
752 1379 804 1429 cui·
812 1378 887 1445 spes,
900 1385 935 1438 5⁰

167 1454 221 1506 Cui
240 1455 276 1521 sit
294 1455 415 1507 conditio
433 1459 516 1511 dulcis
535 1463 594 1513 sine
612 1464 724 1530 pulvere
742 1463 862 1530 palmae?

167 1539 256 1593 Vilius
275 1540 312 1593 est
330 1557 468 1612 argentum
486 1561 570 1610 auro,
584 1547 730 1600 virtutibus
749 1563 851 1600 aurum.

169 1625 197 1679 Ο
210 1631 216 1680 !
229 1626 319 1689 cives,
331 1628 419 1692 cives,
431 1633 570 1697 querenda
583 1631 696 1700 pecunia
709 1631 823 1700 primum
836 1631 888 1696 est,

168 1712 262 1777 Virtus
275 1711 333 1780 post
345 1729 480 1768 nummos.
490 1717 555 1769 Haec
565 1719 647 1772 Janus
661 1719 777 1770 summus
789 1719 820 1770 ab
831 1718 887 1770 imo

168 1796 313 1855 Perdocer;
321 1797 377 1848 lraec
386 1798 508 1852 recinunt
521 1800 633 1866 juvenes
645 1803 889 1873 didiatnsenesque,
898 1791 933 1870 Ιςς

170 1881 254 1932 Lero
272 1881 391 1947 suspensi
408 1885 512 1935 loculos
531 1888 698 1955 tabulamque
716 1891 824 1944 lacerto.

169 1963 214 2016 Est
229 1963 336 2016 animus
350 1964 415 2029 tihi,
425 1965 485 2018 sunt
495 1985 584 2022 mores
593 1968 750 2043 ,&,'lingua
759 1973 889 2044 fidesque,

85 2083 87 2086 v
170 2052 224 2103 Sed
231 2049 440 2118 quadringentis
458 2053 505 2104 sex
522 2055 623 2123 septem
642 2057 725 2113 millia
743 2061 853 2120 desunt;

170 2137 248 2206 Plebs
268 2135 330 2188 eris.
349 2137 386 2186 Ar
403 2137 480 2204 pueri
498 2141 637 2206 ludentes,
652 2142 707 2192 Rex
723 2148 784 2202 eris,
799 2145 889 2210 aiunt,

171 2204 557 2287 Sirrr‘le'faries.1·licmutus
576 2227 692 2278 aheneus
712 2228 785 2292 esto,
902 2231 939 2285 60

172 2307 219 2358 Nil
238 2307 355 2358 conscire
375 2306 446 2370 sibi,
449 2304 537 2362 nulla
556 2311 697 2383 pallescere
707 2312 802 2386 culpi.

174 2389 288 2454 Roscia,
306 2391 348 2442 dic
366 2390 462 2454 sodes,
479 2392 575 2445 melior
593 2397 657 2460 lex,
678 2413 711 2450 an
729 2415 873 2467 puerorum

174 2475 289 2537 Naenia,
305 2492 363 2546 quae
382 2493 493 2546 regnum
510 2478 582 2531 redl'e
600 2481 755 2538 facientibus
775 2486 875 2551 offert,

142 2565 150 2579 ‘
174 2563 209 2612 Et
227 2560 341 2612 maribus
361 2561 466 2624 Curiis,
479 2562 505 2614 δι
521 2565 656 2619 decantata
674 2569 819 2623 Camillis?

134 2678 137 2686 ·
175 2647 236 2709 isne
254 2644 304 2697 tibi
322 2643 417 2696 melius
435 2646 541 2712 suadet,
559 2649 606 2718 qui
624 2668 681 2706 rem
699 2655 799 2718 facias,
818 2672 873 2708 rern
883 2665 937 2732 ‚65

175 2732 206 2786 Sr
218 2746 323 2800 possis
333 2728 421 2792 τεᾶὲ,
433 2747 456 2782 si
467 2748 523 2784 non
530 2752 716 2807 quocumque
728 2743 814 2794 modo
821 2759 893 2810 rem,

74 2818 75 2825 ’
175 2820 216 2874 Ut
233 2814 346 2912 propius
365 2813 465 2883 spedies
483 2819 631 2888 lacrymosa
649 2823 773 2890 poemata
788 2827 895 2896 Puppi,

175 2905 219 2954 An
237 2901 285 2971 qui
302 2902 416 2954 fortune
436 2915 463 2953 te
481 2903 633 2971 responsare
652 2908 770 2977 superliae

176 2987 302 3037 Liberum
317 2983 472 3038 &ereetum
486 2990 600 3054 presens
614 2991 748 3062 hortatur,
761 2998 893 3068 &aptati

175 3068 296 3139 Quodsi
308 3086 352 3124 me
365 3073 480 3140 populus
493 3073 629 3132 Romanus
642 3077 713 3136 sorte
726 3091 818 3155 roget',
831 3103 877 3140 cur
907 3101 944 3154 po
1006 3074 1009 3080 ⁵

719 3173 751 3228 ll
