2334 4067
316 524 342 535 -·
370 481 587 552 LIBER
638 484 702 554 II.
828 487 897 573 231'

178 594 250 647 Nam
260 598 373 667 propriae
385 602 487 658 telluris
498 605 590 658 herum
600 605 699 658 Natura
710 621 794 676 neque
804 589 896 664 illurn,
926 631 930 662 ,-

108 723 116 738 ,
179 682 238 732 Nec
249 699 301 748 me,
309 702 358 739 nec
369 705 531 758 quemquam
541 677 638 744 statuit.
647 691 705 744 Nos
715 691 819 760 expulit
829 690 948 748 ille3130

179 765 257 820 Illum
276 785 320 822 aut
338 773 491 842 nequities,
510 790 555 826 aut
573 776 642 829 vafri
661 775 767 828 inscitia
784 773 868 842 juris,

177 851 341 908 Postremum
361 862 478 926 expellet
496 859 566 912 cert‘e
586 861 709 916 vivacior
727 863 812 914 heres.

177 937 257 992 Nunc
276 957 338 1009 ager
353 943 484 996 Umbreni
501 945 547 996 suh
566 946 697 1014 nomine,
715 964 799 1017 nuper
814 943 898 1000 Ofelli

176 1023 273 1078 Didius
289 1042 362 1092 erat,
375 1029 442 1082 nulli
457 1030 581 1098 proprius
595 1051 603 1090 3
618 1033 662 1084 sed
676 1033 745 1086 cedit
759 1033 788 1085 in
803 1032 878 1084 usutn

177 1111 257 1163 Nunc
274 1112 358 1173 mihi,
370 1130 441 1166 nunc
458 1115 516 1168 alii.
533 1116 668 1182 Quocirca
683 1118 773 1170 vivite
787 1117 942 1179 fortes,135

178 1195 319 1268 fortiaque
338 1200 455 1252 adversis
475 1201 606 1270 opponite
624 1201 732 1268 pediota
750 1203 838 1254 rebus.

192 1325 898 1383 &Qu

168 1513 173 1520 -
253 1457 614 1543 SlTYRl
689 1459 804 1542 lll

201 1619 376 1697 Colloquatur
396 1640 454 1678 cum
475 1620 597 1678 Horatio
616 1617 809 1696 Damasippus
827 1616 880 1675 ltoc

167 1751 171 1758 ·
219 1720 317 1776 Stoica
339 1719 515 1800 philosophia
538 1720 713 1799 paradoxum
737 1717 858 1796 probat,

249 1835 340 1874 omnes
354 1821 545 1897 propemodum
564 1819 685 1876 domines
705 1815 829 1894 lnfhnlre.

182 1903 271 2023 Sic
291 1964 352 2022 rard
370 1967 482 2034 scribis,
498 1983 529 2021 ut
546 1981 607 2022 toto
625 1985 681 2022 non
699 1984 791 2039 quater
809 1987 880 2024 anno

176 2053 360 2107 Membranam
367 2053 637 2124 poscas‚scriptorunt
646 2071 756 2124 quaeque
766 2071 900 2122 retexens,

176 2137 261 2192 lratus
280 2139 330 2194 tibi
349 2138 440 2209 quod,
456 2139 519 2193 vini
536 2139 677 2208 somnique
695 2140 844 2208 benignus,

176 2224 224 2276 Nil
240 2225 350 2294 dignum
367 2226 490 2278 sermone
506 2241 584 2276 canat
599 2241 606 2274 ε
622 2223 688 2290 quid
704 2221 751 2274 fiet
766 2225 776 2275 i
791 2238 817 2276 at
831 2223 898 2292 ipsis

177 2310 357 2364 Saturnalibus
375 2311 427 2364 huc
444 2308 535 2380 fugisti
554 2327 562 2361 t
581 2307 685 2360 sobrius
704 2322 769 2377 ergo
926 2327 945 2382 5¹

177 2395 231 2446 Dic
250 2395 350 2463 aliquid
367 2396 477 2466 dignum
494 2392 636 2464 promissis
651 2411 658 2446 t
674 2392 773 2460 incipe.
790 2395 835 2448 Nil
851 2396 896 2450 eti.

179 2481 327 2547 culpantur
342 2480 434 2534 frustra
450 2478 563 2543 calami,
577 2477 779 2546 immeritusque
797 2480 899 2536 laborat

144 2570 147 2574 ’
177 2563 255 2616 lratis
274 2577 351 2616 uatus
369 2563 456 2631 paries
475 2565 523 2614 Dis
543 2577 622 2633 atque
641 2561 741 2630 poitis.

176 2647 261 2718 Atqui
279 2649 370 2700 vultus
389 2662 446 2702 etat
463 2650 547 2700 multa
564 2648 592 2700 dc
606 2649 733 2716 preclara
753 2645 896 2714 minantis,

175 2736 203 2787 Si
222 2749 338 2788 vacuum
357 2732 449 2802 tepido
469 2731 575 2800 cepiffet
593 2733 688 2785 villula
707 2730 787 2786 tello.
911 2754 946 2798 10

176 2821 313 2888 Quorsum
332 2816 461 2888 pertinuit
479 2816 574 2885 stipate
593 2816 702 2868 Platona
720 2816 896 2871 Menandro?

178 2906 296 2974 Eupoliu
312 2903 475 2958 Archilocho
492 2904 503 2955 l
521 2899 634 2954 comites
653 2902 762 2954 educere
781 2907 897 2957 tantos?

125 3049 127 3055 ,
172 2990 309 3046 invidiam
328 2992 431 3059 placare
450 3003 526 3056 paras
544 2986 645 3038 virture
664 2985 783 3040 relilli?

129 3105 131 3109 ·
174 3073 358 3160 pontemtrete
376 3073 464 3128 miser.
480 3070 595 3129 Vitanda
612 3068 649 3124 est
666 3069 786 3140 improba
801 3071 880 3140 Sitep
