2334 4067
267 498 659 579 Ι-ιόιιιιιις
778 511 853 603 ιψ

115 666 117 671 .
134 618 172 676 Er
186 634 310 696 torquere
324 645 417 694 mero,
432 646 512 701 quem
526 628 685 701 perspexisse
698 628 834 695 laborent,
861 626 917 696 43}

137 712 182 761 An
198 710 233 764 sit
249 711 365 767 amicitid
380 714 484 787 dignus.
499 716 527 770 Si
543 716 659 790 cannina
674 717 789 781 condes,

137 795 292 867 Numquam
308 814 336 853 te
351 800 446 855 sallanr'
457 803 540 857 animi
543 804 603 856 sub
617 785 699 871 vulpe
714 804 837 875 latentes.

137 880 330 948 Quinffilio
309 904 333 939 ιι
350 876 420 955 quid
431 889 571 955 recitares,
582 872 713 968 corrige,
724 868 826 962 sodes,

138 968 218 1033 Hoc,
232 964 333 1035 aiebat,
347 974 373 1025 ot
382 974 449 1029 ho'c.
465 974 561 1026 Melius
578 975 608 1032 t'e
621 970 695 1041 poll'e
710 969 837 1047 negares,

139 1051 184 1107 Bis
201 1064 297 1125 terque
310 1064 449 1127 expertum
453 1058 577 1137 frustra:
594 1059 680 1112 delere
696 1056 819 1124 iubebat,
863 1066 919 1118 440

136 1140 172 1191 Et
190 1140 260 1195 male
278 1150 399 1197 tornator
416 1129 505 1197 incudi
522 1128 629 1197 reddere
645 1143 748 1217 versus.

139 1226 168 1278 Si
185 1226 323 1281 defendere
341 1230 481 1295 delictum,
496 1229 575 1301 quim
592 1242 714 1292 vertere,
729 1229 837 1295 malles,

136 1312 250 1365 Nullum
260 1314 329 1367 ultti
335 1318 448 1368 'verbum
455 1351 464 1380 ,
471 1328 632 1384 autoperam
641 1313 786 1366 insumebat
794 1312 919 1377 innuenti

137 1396 253 1463 Quin'
232 1406 290 1453 srne'
293 1398 383 1453 rivali
400 1414 478 1469 teque
495 1401 521 1452 δι’
534 1413 578 1453 tua
593 1399 666 1452 solus
682 1415 791 1453 amares.
843 1463 846 1469 Ι

108 1514 117 1557 ¹·
138 1483 191 1537 Vir
201 1486 288 1539 ιιοιιιιι
297 1486 326 1538 ’δι
334 1486 477 1559 prudens
457 1485 548 1539 versus
559 1481 751 1553 reprehendet
743 1498 841 1536 merres
847 1496 916 1551 ‚445

116 1616 118 1625 ,
138 1560 265 1638 eulpabit
274 1572 357 1624 du'ror
365 1568 529 1639 ‚incomptis
544 1569 635 1622 alliner
648 1583 734 1622 atrum
820 1586 826 1593 ·

138 1656 305 1710 Transverso
319 1660 421 1711 calamo
435 1656 555 1727 signum,
567 1654 708 1709 ambitiosa
722 1654 821 1709 recidet

140 1743 321 1807 ornamenta,
333 1756 425 1812 parum
440 1741 516 1795 claris
531 1743 617 1794 lucem
632 1742 693 1793 dare
706 1755 801 1811 coget,

139 1828 241 1900 Arguet
255 1826 375 1897 ambigue
390 1826 505 1893 ditium,
517 1827 641 1879 mutanda
655 1826 776 1885 notabit}

139 1916 198 1967 Fiet
212 1912 389 1975 Aristarchus,
400 1928 450 1963 nec
465 1910 551 1963 dicet:
566 1912 620 1962 Cur
633 1926 685 1980 ego
700 1910 814 1963 amicum
866 1923 923 1981 450

141 1999 285 2053 Offendam
299 1998 328 2050 in
340 1995 417 2067 nugis
429 1997 440 2049 ἓ
451 1996 499 2047 Hae
513 2012 589 2065 nugae
603 1993 669 2047 seria
684 1997 778 2048 ducent

140 2081 171 2136 ιιι
184 2086 270 2148 mala,
282 2082 396 2135 derisum
411 2081 506 2143 semel,
518 2093 711 2151 exceptumque
725 2078 838 2134 sinistre.

142 2170 180 2221 Ur
195 2170 264 2221 male
278 2184 358 2237 quern
371 2166 468 2219 scabies
477 2205 484 2229 ‚
494 2180 538 2218 aut
549 2168 657 2218 morbus
668 2166 756 2236 regius
765 2179 856 2235 urget,

142 2257 197 2307 Aut
212 2251 444 2315 fanaticus'erron
459 2250 619 2302 &iracunda
631 2250 733 2314 Diana,

141 2340 278 2393 Vesanum
294 2336 406 2407 tetigisse
422 2334 533 2399 timent,
547 2335 702 2415 fugiuntque
717 2334 838 2405 poetam,
866 2350 920 2411 455
1011 2385 1013 2388 .

144 2425 200 2491 Qui
212 2420 536 2499 sapiunt3agirant'puepi‚
544 2414 696 2491 incautique
705 2422 856 2489 sequuntur.

143 2511 197 2562 llic
213 2510 276 2560 dum
291 2508 414 2561 sublimes
431 2506 522 2559 versus
539 2505 668 2571 rudiatur,
681 2507 708 2559 δι
720 2520 803 2570 errat,

145 2595 172 2645 Si
187 2593 273 2647 veluti
289 2593 397 2646 merulis
412 2592 528 2645 intentus
544 2591 641 2643 decidit
655 2607 750 2659 auceps

145 2680 175 2731 lu
188 2692 298 2747 puteum
311 2680 452 2731 foveamve
464 2696 472 2737 ;
486 2677 565 2741 licet,
577 2676 739 2741 Succurrire,
750 2674 858 2745 longdm

146 2768 266 2829 clamet,
277 2766 308 2817 ιο
323 2764 396 2817 cives
409 2768 415 2819 l
429 2764 534 2816 nonsit
549 2763 596 2832 qui
610 2764 703 2817 tollere
718 2778 799 2816 curet.
866 2766 923 2831 460

147 2849 175 2901 Si
190 2862 267 2903 curet,
278 2849 336 2919 quis
351 2866 431 2918 opem
446 2850 528 2914 serre,
542 2850 568 2901 ιιι
580 2849 718 2902 demittere
729 2849 839 2909 sunem

145 2932 204 2999 Qul
217 2935 267 2987 scis
283 2950 316 2986 atr
331 2934 443 3003 prudens
459 2934 512 2985 huc
527 2933 553 2985 se
568 2933 706 3000 dejecerit,
718 2949 797 3003 atque

148 3018 253 3071 Servari
267 3019 357 3073 nolit?
370 3020 470 3083 dicam,
481 3018 613 3090 Siculique
628 3011 716 3089 poeiae
732 3009 736 3019 ⁵

147 3104 266 3157 Narrabo
281 3104 417 3159 interitum
428 3124 437 3160 r
449 3106 523 3159 Deus
538 3104 693 3159 Immortalis
707 3102 799 3158 haberi

503 3196 506 3200 '
659 3196 680 3249 P
696 3194 715 3264 ij
