2334 4067
260 514 520 587 'braun
570 516 633 587 ll.
765 532 833 605 309

110 634 245 690 Orbilium
262 636 358 692 didlare
371 660 380 701 ·,
395 641 439 693 sed
454 641 591 693 emendata
606 634 711 699 videri,

110 724 321 793 Pulchraque,&
331 724 431 778 exubiis
443 723 583 777 minimum
596 720 715 774 distantia
723 758 731 783 ,
739 716 836 771 mirort

109 801 255 877 Interque
270 811 382 861 verbum
399 809 509 862 emicuit
525 811 549 861 si
564 805 635 861 forte
651 808 794 868 decorum,
808 805 835 857 δι

112 894 140 945 Si
155 895 247 947 versus
264 893 347 961 paulb
365 894 524 947 concinnior
537 911 606 946 unus
622 892 649 944 δι
663 894 744 954 alter,

114 975 209 1039 Iniust'e
228 994 317 1030 totum
337 978 422 1042 ducit,
435 978 564 1047 venitque
582 977 689 1046 podma.
847 1000 881 1050 75

114 1064 241 1133 Indignor
252 1064 397 1135 quidquam
409 1064 580 1134 reprehendi,
590 1080 646 1116 non
657 1054 718 1132 quia
730 1060 810 1115 crasse

117 1150 306 1216 Compositum
320 1135 462 1217 illepideve
474 1164 596 1217 putetur,
607 1150 652 1202 sed
663 1149 726 1218 quia
738 1165 836 1217 nuper3

116 1235 174 1285 Nec
186 1234 295 1286 veniam
307 1235 438 1303 antiquis,
449 1236 494 1287 sed
503 1237 636 1289 honorem
648 1236 673 1286 dt
683 1234 791 1303 praemia
802 1232 887 1301 posci.

117 1318 199 1371 Recte
213 1336 296 1371 necne
313 1336 421 1372 crocum
435 1320 567 1389 floresque
580 1322 743 1389 perambulet
756 1321 824 1371 Attae

117 1406 231 1469 Fabula,
243 1404 267 1457 si
282 1404 413 1468 dubitem,
426 1407 542 1457 clament
556 1404 662 1474 periiffe
674 1407 803 1473 pudorem
851 1402 886 1454 So

118 1491 216 1543 Cundli
227 1506 296 1559 pene
307 1505 406 1558 patres,
413 1508 444 1543 ea
455 1508 536 1560 quum
547 1492 738 1559 reprehendere
749 1506 840 1555 coner,

119 1578 188 1643 Quat
204 1576 292 1647 gravis
303 1576 434 1645 AEsopus,
444 1574 504 1647 quae
518 1574 610 1628 dubius
623 1574 733 1628 Roscius
746 1575 819 1645 egit:

119 1663 171 1713 Vel
182 1661 245 1731 quia
254 1662 292 1714 nil
302 1660 412 1726 redium,
420 1661 472 1713 nisi
481 1663 553 1730 quod
561 1660 661 1729 placuit
668 1661 842 1725 sibi,ducunt;
906 1656 913 1666 ⁸

119 1748 173 1799 Vel
186 1748 248 1815 quia
257 1762 334 1817 turpe
345 1762 438 1816 putant
449 1764 539 1815 parete
550 1747 714 1811 minoribus,
726 1748 753 1799 δι
762 1764 822 1817 quae

118 1834 256 1885 Imberbes
272 1832 405 1897 didicere,
420 1833 495 1887 senes
510 1834 641 1899 perdenda
655 1832 741 1887 lateri.
808 1824 812 1836 ’
840 1839 886 1906 >85

119 1919 134 1972 J
137 1935 181 1969 am
198 1916 297 1969 Saliare
310 1918 405 1968 Numae
421 1932 527 1968 carmen
541 1916 588 1984 qui
603 1918 706 1981 laudat,
718 1918 745 1970 dt
758 1917 841 1991 illud,

120 2002 207 2068 Quod
220 2016 326 2053 mecum
341 1999 459 2070 ignorat,
472 1997 544 2051 solus
558 2000 618 2053 vult
632 1998 698 2052 scire
710 2000 818 2063 viderit

119 2084 241 2157 l'ngeniis
256 2101 314 2138 non
328 2084 373 2137 ille
388 2084 460 2137 favet
473 2082 627 2153 plauditque
641 2084 769 2151 sepultis,

120 2170 219 2224 Nostra
230 2170 274 2223 sed
288 2170 439 2239 impugnat,
451 2185 501 2221 nos
512 2168 652 2237 nostraque
663 2168 763 2221 lividus
775 2168 842 2234 odit,

120 2253 209 2320 Qubd
227 2253 251 2307 si
268 2268 324 2307 tam
341 2253 444 2309 Graecis
460 2254 569 2306 novitas
586 2252 672 2305 invisa
686 2252 773 2306 fuiffet
855 2268 892 2320 90

124 2338 217 2405 Quirm
228 2338 320 2401 nobis,
329 2339 392 2407 quid
401 2354 471 2390 nunc
479 2336 542 2391 esset
550 2353 630 2391 vetut
639 2341 652 2391 ἓ
661 2355 706 2391 aut
715 2340 778 2409 quid
786 2342 893 2395 haberet

124 2425 209 2489 Quod
225 2426 325 2494 legeret
341 2438 490 2493 tereretque
503 2424 608 2476 viritim
624 2424 744 2493 publicus
760 2428 844 2481 usus?

124 2510 164 2559 Ut
182 2510 298 2579 primltrn
317 2508 414 2579 positis
431 2508 523 2577 nugari
540 2508 645 2561 Gracia
660 2509 737 2562 bellis

126 2594 239 2661 Coepit,
255 2596 281 2647 dt
297 2594 326 2645 in
342 2594 444 2647 vitium
457 2593 564 2645 fortuna
580 2593 665 2646 labier
679 2595 770 2664 aequd,

125 2682 207 2731 Nune
224 2680 379 2731 athletarum
393 2677 500 2742 studiis,
511 2694 581 2731 nunc
596 2679 662 2731 arsit
675 2696 811 2749 equorum
822 2698 838 2741 ς·
858 2670 900 2752 9ς’

126 2764 290 2829 Marmoris,
303 2780 348 2817 aut
362 2763 450 2817 eboris
465 2764 570 2827 fabros,
586 2779 632 2817 aut
648 2765 708 2819 erit
725 2766 846 2827 amavitt

127 2849 273 2917 Suspendit
288 2848 357 2919 pieta
373 2852 478 2917 uultum
494 2864 664 2918 mentemque
681 2853 798 2912 tabelld·,

126 2938 210 2989 Nunc
224 2930 389 2997 tibicinibus,
403 2950 472 2985 nunc
487 2933 523 2985 est
538 2934 626 3005 gavisa
640 2936 785 3005 nagoedis3

127 3022 185 3073 Sub
201 3018 303 3072 nutrice
318 3023 404 3087 puella
419 3022 494 3073 velut
510 3020 534 3071 si
548 3022 649 3073 luderet
662 3021 765 3086 infans,

127 3104 326 3175 Quodcupidd
343 3106 439 3179 petiit,
455 3104 556 3161 maturi
571 3108 651 3177 plena
666 3106 785 3178 reliquit,
848 3122 897 3164 too
