2334 4067
397 502 634 572 Lrnrn:
809 507 876 590 157

149 618 184 678 si
204 639 276 695 quos
294 622 356 679 Eois
376 624 496 680 intonata
514 622 637 677 fluetibus

233 712 335 781 llyems
355 714 389 765 ad
405 713 458 765 hoc
475 726 561 765 vertat
579 724 675 762 mare:

151 798 223 850 Non
241 799 303 851 Afra
322 797 381 851 avis
400 798 537 853 descendat
555 797 584 849 in
602 806 725 849 ventrem
743 804 850 855 meum,

233 884 297 935 Non
315 896 421 953 attagen
439 880 545 935 lonicus

153 968 324 1033 Iucundior‚
339 966 417 1037 quim
435 966 502 1020 leste
521 968 553 1019 de
571 961 755 1035 pinguissimis
892 966 922 1018 55

236 1053 319 1105 Oliva
337 1052 417 1106 ramis
436 1054 581 1110 arborum3

155 1138 214 1191 Aut
234 1139 315 1191 herba
332 1139 431 1208 lapathi
449 1153 524 1207 prata
543 1136 672 1199 amantis,
688 1134 714 1187 ἀ
730 1132 805 1203 gravi

235 1224 331 1277 Malvae
350 1225 463 1279 salubres
481 1224 613 1292 corpori3

156 1312 212 1365 Vel
233 1326 301 1379 agna
318 1309 388 1363 festis
407 1311 473 1363 caesn
490 1308 705 1373 Terminalibus,

236 1396 287 1449 Vel
305 1395 400 1449 hoedus
419 1410 524 1463 ereptus
543 1396 618 1461 lupo.
892 1385 928 1437 60

158 1484 219 1535 Has
240 1480 310 1533 inter
326 1484 436 1550 epulas,
455 1494 485 1532 ut
502 1479 577 1546 juvat
595 1476 677 1546 pelias
695 1494 763 1532 oves

165 1634 168 1643 .
236 1568 334 1620 Videre
352 1579 524 1636 properantes
542 1566 672 1617 domurn!

158 1654 262 1708 Videre
281 1651 359 1705 seffos
376 1666 515 1705 vomerem
534 1640 668 1702 in'versurn
687 1651 772 1702 boves

239 1738 318 1791 Collo
337 1738 468 1789 trahentes
487 1736 634 1805 languido!

159 1822 323 1891 Positosque
340 1838 455 1885 vernas,
471 1819 534 1873 ditis
553 1832 666 1873 examen
685 1820 797 1885 domus,
893 1818 925 1883 65

240 1908 345 1983 Circum
364 1906 514 1959 renidentes
533 1904 633 1958 Lares!

160 1995 228 2047 llaec
247 1993 291 2047 ubi
309 1996 434 2062 loquutus
453 1990 599 2043 foenerator
614 1987 718 2053 Alfius,

238 2080 298 2133 iam
316 2077 369 2145 jam
387 2078 490 2131 futurus
508 2073 634 2140 miliens,

69 2152 70 2227 l
163 2167 286 2221 Omnem
304 2162 405 2232 redegit
423 2160 510 2214 Idibus
529 2160 691 2227 pecuniane
724 2232 727 2238 1

241 2249 344 2316 Querit
361 2245 489 2303 Kalendis
508 2258 619 2313 ponere.
895 2260 931 2310 7⁰

478 2548 571 2656 ata

476 2625 571 2741 'usu
