2334 4067
294 460 301 468 μ’
403 476 734 552 LruanII.
859 473 922 544 261

215 594 296 662 Quod
314 599 522 673 Methymnaeam
540 604 611 657 vitio
630 601 772 656 mutaverit
790 616 881 652 uvam.
944 607 977 662 50

214 686 309 740 Erucas
327 690 449 755 virides,
466 693 551 744 inulas
570 710 621 762 ego
641 691 741 759 primus
760 705 861 741 amaras

214 769 362 826 Monstravi
377 776 540 845 incoquere3
555 778 647 830 illutos
662 775 788 827 Curtillus
804 774 932 837 echium,

213 858 251 909 Ut
269 860 364 912 melius
383 863 483 926 murid,
496 879 574 932 quarn
594 861 655 914 resta
674 861 774 912 rnarina
792 857 918 910 remittat.

214 943 315 996 Interea
334 946 455 1015 suspensa
474 961 567 1018 graves
586 949 666 998 aulaa
685 943 773 996 ruinae

213 1028 246 1080 In
264 1029 380 1097 patinam
399 1032 504 1095 secere,
522 1031 653 1083 trahentia
672 1028 790 1098 pulveris
810 1027 878 1090 atri,
944 1041 974 1094 55

212 1114 350 1176 Quantum
369 1133 424 1166 non
442 1117 540 1184 Aquilo
560 1115 701 1184 Campanis
721 1113 820 1166 excitat
838 1113 917 1180 agris.

213 1198 271 1248 Nos
290 1200 374 1264 majus
391 1201 490 1263 veriti,
506 1199 642 1268 postquem
663 1199 729 1252 nihil
748 1198 800 1250 else
818 1198 910 1267 pericli

213 1281 365 1347 Sensimus,
378 1284 512 1355 erigimur.
525 1285 624 1348 Rufus,
639 1286 730 1352 posito
747 1283 847 1352 capite,
860 1299 890 1335 ut
906 1281 929 1336 si

188 1381 191 1388 ·
213 1366 296 1420 Filius
315 1367 470 1420 immaturus
490 1368 602 1432 obisset,
619 1371 691 1422 llere.
712 1370 780 1436 Quis
799 1367 862 1420 esset

213 1453 305 1517 Finis,
323 1453 352 1505 ni
372 1453 477 1521 sapiens
495 1455 533 1506 sic
552 1456 735 1506 Nomentanus
755 1453 868 1505 amicum
942 1454 977 1508 60

212 1539 349 1594 Tolleret?
358 1541 431 1593 Heu!
443 1541 572 1605 Fortuna,
582 1540 641 1609 quis
653 1539 689 1592 est
701 1539 831 1592 crudelior
841 1538 869 1590 in
880 1557 930 1592 nos

212 1625 253 1676 Te
270 1624 343 1676 Deus
361 1627 373 1676 i
390 1639 420 1676 ut
439 1625 543 1692 semper
560 1627 656 1694 gaudes
676 1625 786 1677 illudere
805 1625 882 1676 rebus

212 1709 367 1762 Humanis!
386 1709 485 1761 Varius
503 1709 600 1778 mappd
619 1709 786 1776 compescere
805 1707 886 1760 risum

215 1793 272 1845 Vix
289 1809 404 1862 poterat.
423 1794 547 1856 Balatro,
562 1794 721 1862 suspendens
740 1793 830 1846 omnia
847 1793 929 1860 naso,

214 1880 279 1930 Hac
297 1877 333 1930 est
350 1878 470 1930 conditio
489 1877 619 1942 vivendi,
638 1877 744 1930 aiebat:
765 1877 849 1947 eoque
941 1880 973 1950 65

213 1963 379 2033 Responsura
399 1977 446 2014 tuo
465 1977 609 2029 numquam
629 1960 664 2014 est
684 1979 730 2030 par
748 1963 817 2016 suma
835 1963 928 2018 labori.

212 2036 303 2111 Tene,
315 2061 346 2099 ut
364 2064 415 2117 ego
433 2045 549 2114 accipiar
565 2044 654 2111 laute,
669 2047 818 2114 torquerier
836 2047 912 2100 omni

212 2133 396 2188 Sollicitudine
412 2132 558 2187 'distrisium
574 2151 583 2192 3
601 2149 634 2184 ne
653 2131 730 2200 panis
749 2132 867 2196 adustus,

212 2221 254 2270 Ne
272 2216 340 2270 male
359 2218 497 2270 conditum
516 2215 557 2281 ius
576 2231 749 2284 apponatur3
769 2231 799 2268 ut
817 2234 911 2270 omnes

213 2302 351 2356 Praecinsii
368 2301 439 2354 reste
458 2300 553 2369 pueri,
571 2299 725 2370 comptique
743 2301 917 2356 ministrent?
940 2319 977 2370 70

213 2388 285 2440 Adde
303 2390 353 2440 hos
372 2391 499 2455 praetere'a
517 2385 590 2438 casus
606 2404 614 2446 ς
632 2388 714 2438 aulea
732 2399 809 2440 ruant
826 2388 868 2450 si,

213 2475 253 2524 Ut
265 2472 367 2532 modir,
381 2473 404 2525 si
416 2471 533 2542 patinam
546 2472 613 2540 pede
626 2471 712 2540 lapsus
725 2473 826 2542 frangat
839 2475 929 2543 agaso.

214 2559 266 2608 Sed
283 2557 486 2620 convivatoris,
503 2558 543 2609 uti
561 2556 653 2618 ducis,
670 2556 806 2625 ingenium
824 2575 865 2611 res
902 2597 905 2602 -

215 2642 337 2694 Adversa
356 2644 451 2693 nudare
470 2642 574 2704 solent,
593 2643 677 2694 celare
696 2641 822 2694 secunda.

214 2726 372 2780 Nasidienus
382 2728 414 2778 ad
424 2727 479 2777 hac
486 2745 493 2778 :
501 2726 563 2777 Tibi
570 2727 796 2795 Dl,quaecumque
806 2728 930 2796 preceris,
940 2745 972 2796 75

215 2814 364 2864 Commoda
374 2813 449 2865 dent!
460 2811 497 2862 ita
504 2809 548 2863 vir
556 2813 641 2864 bonus
651 2829 679 2865 es
686 2850 693 2876 ,
701 2813 870 2882 convivaque
880 2817 976 2872 cornis·

214 2899 248 2949 Et
265 2899 349 2949 soleas
367 2895 462 2964 poscit.
477 2896 548 2947 Tum
566 2894 596 2946 in
612 2895 682 2950 lesio
701 2895 806 2966 quoque
817 2899 927 2968 ,videres

215 2977 330 3030 Stridere
347 2976 445 3029 secreti
462 2976 564 3029 divisos
583 2994 645 3030 aure
664 2978 789 3034 susurros.

215 3065 312 3119 Nullos
329 3062 370 3117 nis
389 3065 494 3117 mallem
511 3065 589 3118 ludos
607 3064 751 3134 spesiaffe3
771 3067 815 3122 sed
833 3069 878 3122 illa
