2334 4067
334 486 674 567 Portica.
801 503 864 584 333

136 599 255 658 Tardior
269 618 303 658 ut
319 603 408 674 panto
423 608 583 679 graviorque
597 609 702 663 reniret
716 608 747 660 ad
760 625 851 673 aures,
881 617 930 674 255

137 687 284 754 Spondeos
302 689 414 743 stabiles
428 693 457 744 in
470 693 528 757 jura
542 709 650 762 paterna
663 693 764 760 recepit

140 775 315 827 Commodus
333 777 363 828 &
378 777 505 844 patienst
522 794 577 829 non
593 791 623 830 ut
640 779 671 830 de
687 778 745 829 sede
761 778 872 830 secunda

140 859 257 912 Cederet
277 875 327 911 aut
345 875 439 928 quarta
456 862 597 915 socialiter.
614 863 665 914 Hic
681 863 707 915 δι
722 862 750 913 in
763 863 826 916 Acci

140 943 291 998 Nobilibus
310 945 445 998 trimetris
463 961 570 1015 apparet
587 965 675 1011 rarus,
690 949 716 1000 &
731 949 808 1000 Enni.

141 1027 172 1078 ln
188 1029 301 1082 scenam
320 1029 416 1082 miffos
430 1047 527 1100 magno
542 1048 602 1083 cum
617 1033 733 1099 pondere
747 1031 855 1098 versus,
883 1039 936 1092 260

142 1114 196 1164 Aur
211 1129 308 1183 operae
326 1115 424 1167 celeris
441 1115 571 1179 aimirici,
586 1116 699 1184 eurique
715 1117 846 1180 carentis,

143 1199 196 1250 Aut
213 1199 356 1270 ignoratae
371 1201 468 1268 premit
483 1201 545 1252 attis
562 1199 672 1252 crimine
688 1201 768 1268 turpi.

144 1283 209 1333 Non
226 1285 326 1352 quivis
343 1284 419 1336 vider
433 1284 604 1336 immodulata
618 1285 740 1352 poemata
755 1275 853 1349 judex:

145 1366 179 1416 Fr
194 1369 257 1421 data
272 1366 410 1420 Romanis
424 1367 504 1419 venia
518 1367 555 1420 est
569 1368 676 1436 indigna
691 1366 789 1435 poitis.

147 1449 290 1506 idcircone
307 1469 407 1523 vager,
418 1452 580 1520 scribamque
593 1452 724 1504 licenter?
735 1468 767 1502 an
782 1467 874 1503 omnes
886 1450 936 1532 26'5

149 1534 266 1590 Visuros
283 1552 397 1608 peccata
411 1552 501 1604 putem
516 1555 591 1602 mea,
604 1551 692 1600 tutus,
705 1537 731 1589 &
744 1536 813 1588 intra

150 1622 233 1687 Spem
247 1624 345 1675 veniae
359 1637 450 1674 cautus
463 1625 475 1676 i
488 1622 574 1675 vitavi
590 1622 702 1689 denique
716 1624 838 1688 culpam,

152 1707 216 1758 Non
231 1711 344 1762 laudem
359 1707 452 1761 metui.
465 1709 525 1760 Vos
538 1707 700 1776 exemplaria
715 1709 808 1774 Gracc

153 1791 299 1844 Noliutni
314 1793 419 1845 versate
428 1809 532 1854 manu,
546 1794 649 1844 versate
667 1792 768 1846 diurni.

155 1877 191 1926 At
207 1878 296 1930 nostri
313 1878 410 1946 proavi
425 1876 562 1928 Plautinos
578 1877 606 1927 ἃ
621 1893 763 1939 numeros,
779 1877 806 1928 &
888 1871 942 1954 275.

156 1957 316 2016 Laudavere
333 1963 420 2013 sales:
435 1959 547 2012 nimitlm
563 1961 694 2027 patienter
708 1977 864 2030 utrumque,

156 2044 199 2094 Ne
214 2046 308 2100 dicam
323 2045 416 2108 stulte,
428 2044 516 2096 mirati
529 2061 538 2103 3
553 2044 577 2096 si
592 2043 674 2097 modi)
691 2063 741 2115 ego
757 2045 784 2098 δι
799 2063 850 2098 vos

160 2128 266 2184 Scimus
284 2132 441 2183 inurbanam
459 2130 548 2197 lepido
566 2130 797 2197 seponendum,

161 2212 380 2284 legitimumque
395 2218 490 2266 sonum
506 2213 595 2282 digitis
612 2217 736 2266 callemus
753 2217 779 2265 δι
794 2231 865 2268 aure.

162 2297 291 2370 Ignotum
308 2301 412 2370 tragicae
426 2315 510 2370 genus
525 2297 654 2350 invenisse
671 2299 805 2351 Camoenae
888 2327 938 2379 275

163 2383 292 2452 Dicitur,
306 2389 333 2440 δι
348 2383 465 2454 plaustris
482 2381 581 2436 vexiffe
597 2384 719 2452 poimata
732 2383 859 2452 Thespis,

166 2470 235 2534 Quae
249 2486 386 2534 canerent,
395 2483 554 2540 agerentque
568 2468 688 2536 peruncti
702 2469 808 2521 laecibus
822 2485 879 2522 ora.

165 2551 227 2606 Post
239 2557 313 2609 hunc
326 2557 460 2624 persone,
472 2555 600 2622 pallaque
615 2567 735 2619 repertor
748 2553 861 2604 honestae

167 2637 326 2710 AEschylus,
339 2641 366 2692 &
376 2637 488 2692 modicis
502 2635 622 2689 instravit
634 2636 736 2705 pulpita
748 2637 843 2706 tignis,

168 2721 200 2772 Er
213 2726 305 2776 docuit
318 2739 492 2796 magnumque
504 2721 579 2791 loqui
589 2721 709 2791 ‚nitique
723 2723 864 2778 cothurno.
889 2719 946 2792 '23'0

170 2805 302 2860 Successit
316 2825 394 2861 vetus
407 2809 448 2860 lris
463 2806 616 2870 Comoedia,
627 2823 683 2858 non
696 2806 753 2860 sine
768 2811 850 2860 multa
865 2829 868 2834 ·

170 2889 276 2948 Laude:
293 2894 337 2948 sed
350 2893 380 2945 in
391 2892 488 2945 vitium
504 2890 609 2942 libertas
624 2889 742 2954 excidit,
757 2892 784 2944 &
796 2891 854 2944 vim

169 2977 287 3048 Dignam
301 2983 359 3050 lege
373 2978 437 3049 regi.
453 2977 509 3028 Lex
522 2975 559 3026 eli
573 2989 696 3043 accepta,
709 2977 856 3046 chorusque

170 3060 295 3133 Turpiter
309 3061 549 3128 obticuit,sublato
565 3059 623 3128 jure
639 3059 763 3115 nocendi.
