2334 4067
253 479 322 577 256
396 486 821 556 sadrianum

250 605 278 656 Si
290 604 348 674 quis
360 607 391 658 ad
402 605 446 660 illa
455 608 529 662 Deus
540 607 628 662 subiti>
641 623 667 662 te
678 621 749 678 agat,
758 605 840 673 usque
850 597 989 678 recuses:

202 697 233 751 ²5
249 691 301 742 Aut
316 691 376 759 quia
390 681 553 758 ronfensis,
566 696 639 763 quod
652 698 763 754 clamas,
775 689 871 742 restius
885 684 967 744 effe3

248 777 301 826 Aut
315 777 377 844 quia
392 795 447 832 non
459 777 551 831 firmus
563 780 664 843 redium
673 775 843 838 defendim&
851 775 963 834 haeres,

248 861 433 931 Nequidquam
449 880 529 916 coeno
545 865 654 932 cupiens
670 866 785 916 evellere
799 863 928 928 plantam.

248 945 341 998 Romae
357 965 400 1001 rus
419 962 516 1016 optas:
532 951 663 1002 absentem
679 947 787 999 rusticus
801 945 903 996 Urbem

248 1029 334 1082 ‘sollis
346 1034 377 1084 ad
387 1031 450 1087 astra
461 1033 538 1086 levis.
548 1033 576 1086 Si
588 1035 715 1102 nusquam
725 1049 754 1084 es
764 1029 833 1084 sorti
843 1041 965 1080 vocatus

201 1122 236 1177 30
248 1116 287 1167 Ad
297 1121 505 1183 coenam,laudas
517 1121 636 1172 securum
646 1121 844 1183 olus,ac,velut
853 1117 974 1185 usquam

248 1202 361 1257 Viniius
377 1221 435 1271 eas,
448 1205 484 1258 ita
502 1221 527 1258 te
542 1207 647 1259 felicem
662 1206 727 1258 dicis
739 1225 748 1265 ·,
761 1205 900 1272 amasque,

248 1287 328 1353 Qudd
344 1290 472 1360 nusquam
489 1291 537 1344 tibi
553 1293 589 1344 sit
603 1294 757 1360 potandum.
768 1289 874 1345 lufferit
888 1289 921 1342 ad
935 1289 972 1342 se

248 1373 378 1428 Murenas
397 1376 483 1428 serum
501 1376 547 1428 sub
564 1377 664 1434 lumina
682 1377 766 1444 prima
783 1376 878 1440 venire

249 1462 401 1514 Convivam
420 1465 554 1516 :Nemon'
567 1466 656 1514 oleum
672 1463 738 1514 seret
755 1461 829 1514 ocius
843 1463 854 1514 l
870 1457 969 1528 ecquis

200 1551 231 1607 35
248 1546 350 1598 Audit?
362 1564 421 1600 cum
437 1563 533 1617 magno
549 1549 659 1599 blateras
674 1546 946 1616 clamore‚sugisque.

247 1632 360 1685 Milvius
376 1635 401 1686 ἃ
411 1633 519 1697 scurrae,
529 1632 578 1686 tibi
593 1650 649 1685 non
663 1633 796 1686 reserenda
809 1631 927 1700 precati,

246 1717 399 1770 Discedunt.
417 1718 520 1770 Etenim
537 1719 622 1770 sateor
638 1735 699 1781 me,
714 1719 812 1771 dixerit
827 1717 890 1780 ille,

245 1803 316 1854 Duci
333 1817 426 1854 ventre
443 1803 531 1854 levem
545 1819 554 1862 ς
570 1803 662 1854 nasum
677 1803 769 1855 nidore
784 1801 916 1870 supinor;

246 1887 411 1950 Imbecillus,
424 1887 495 1940 iners
505 1927 512 1951 ,
524 1887 547 1939 si
564 1889 628 1956 quid
644 1888 703 1951 vis,
717 1889 795 1951 adde,
809 1887 924 1955 popino.

198 1983 234 2032 40
245 1974 286 2024 Tu
299 1989 380 2040 quum
392 1973 428 2026 sis
441 1973 512 2042 quod
523 1989 586 2041 ego,
595 1974 621 2024 &
629 1973 749 2025 fortassis
760 1973 881 2040 nequior,
889 1975 967 2025 ultro

245 2059 372 2112 Insediere
390 2061 465 2110 velut
484 2058 578 2109 melior
595 2061 607 2111 ἓ
624 2059 763 2126 verbisque
782 2058 883 2110 decoris

245 2146 386 2198 Obvolvas
405 2143 529 2197 vitium?
546 2142 627 2210 quid,
644 2143 667 2213 si
684 2159 728 2194 me
747 2142 849 2195 stultior
867 2142 924 2211 ipse

245 2231 407 2300 Quingentis
421 2243 512 2296 empto
526 2226 654 2280 drachmis
667 2229 945 2295 deprenderislrlufer

246 2315 293 2364 Me
304 2315 382 2364 uultu
394 2328 505 2375 terrere,
514 2329 619 2364 manum
630 2311 842 2382 stomachumque
854 2329 965 2378 teneto,

103 2401 108 2408 '
181 2442 184 2448 ,
198 2409 231 2460 45
246 2397 335 2457 Dum,
351 2413 409 2463 quae
426 2395 542 2462 Crispini
558 2396 649 2447 docuit
666 2415 709 2450 me
725 2397 838 2462 ianitor,
852 2401 914 2453 edo.

245 2483 285 2534 Te
303 2479 402 2546 conjux
421 2479 505 2532 aliena
523 2479 610 2547 capit,
625 2482 790 2534 meretricula
804 2485 932 2537 Davum:

244 2567 338 2619 Peccat
351 2581 409 2618 uter
422 2563 537 2616 nostrum
551 2580 628 2617 cruce
641 2567 744 2636 dignius
757 2571 767 2621 l
780 2569 846 2619 acris
858 2568 902 2620 ubi
917 2585 966 2622 me

244 2655 345 2704 Natura
365 2650 500 2712 incendit,
519 2650 564 2702 sub
583 2653 651 2702 clara
669 2654 737 2703 nuda
754 2654 860 2704 lucerna

246 2739 427 2804 Quaecumque
448 2735 555 2801 excepit
575 2735 704 2804 turgentis
724 2739 833 2788 verbera
851 2738 962 2802 caudae,

199 2837 234 2890 50
246 2823 374 2875 Clunibus
391 2835 435 2872 aut
452 2816 563 2888 agitavit
581 2835 677 2885 equum
692 2820 788 2872 lasciva
802 2821 943 2888 supinum,

245 2904 366 2960 Dimittit
385 2919 471 2970 neque
489 2902 636 2962 famosum,
649 2921 736 2972 neque
754 2906 913 2970 sollicitum,
926 2923 962 2958 ne

245 2991 337 3042 Ditior
356 3003 400 3040 aut
419 2988 510 3039 sormae
530 2987 649 3039 meliotis
667 2988 747 3055 meiat
765 2988 867 3043 eisdem.

245 3078 302 3141 Tu,
313 3091 393 3144 quum
408 3069 533 3142 projesiis
549 3070 712 3144 insignibus,
725 3077 823 3131 annulo
835 3075 964 3149 equestri-r
