2334 4067
389 516 619 586 Lrnnn.
797 504 859 576 161

138 632 180 687 At
200 634 325 703 expedita
343 638 464 709 Sagana,
481 654 528 707 per
545 652 630 691 totam
648 634 758 687 domum
830 665 834 670 -
878 626 910 678 ²5

223 720 352 793 Spargens
370 724 514 777 Avernales
533 739 632 791 aquas,

143 808 251 861 Horret
269 809 392 879 capillis,
407 822 437 861 ut
455 809 591 871 marinus,
608 802 725 874 asperis,

222 894 358 959 Echinus,
378 909 422 947 aut
440 895 554 947 Laurens
574 908 646 959 aper.

145 978 248 1040 ahaua
268 981 340 1033 nulli
357 981 425 1035 Veia
443 976 624 1041 consciendi,

225 1064 369 1133 Ligonihut
388 1065 459 1117 duris
477 1066 589 1117 humum

147 1151 349 1214 Exhauriebat,
368 1151 505 1219 ingemens
524 1146 675 1209 laboribus,

228 1234 293 1301 Qui>
313 1234 397 1304 pollet
415 1234 525 1287 infofl'us
544 1249 610 1301 puer

146 1322 250 1391 Longo
270 1321 311 1373 die
329 1322 370 1373 bis
389 1336 481 1389 terque
500 1332 608 1371 mutatae
628 1316 701 1383 dapis

227 1406 344 1461 lnemori
362 1405 533 1473 spedlacu103

71 1510 72 1513 ’
148 1494 248 1560 Quum
266 1491 431 1560 promineret
449 1504 514 1551 ote,
531 1498 660 1555 quantum
677 1480 778 1535 exstant
796 1476 864 1548 aqud
888 1481 917 1534 35

228 1576 356 1645 Suspensa
376 1588 467 1627 mento
487 1588 622 1639 corporat

71 1732 72 1735 Ἴ
148 1663 273 1717 Exsucca
292 1660 332 1713 uti
352 1660 484 1720 medulla,
502 1655 646 1709 &aridum
664 1651 738 1720 jecur

232 1745 338 1799 Amoris
358 1742 421 1796 effet
440 1743 584 1810 poculum,

149 1832 332 1887 Interminato
352 1844 433 1899 quum
453 1827 533 1879 semel
551 1824 614 1877 lixae
632 1823 693 1876 cibo

232 1914 401 1970 lmabuiffent
420 1912 535 1983 pupula.

150 2009 221 2062 Non
242 2000 348 2057 defuisse
367 1999 488 2059 mascula
507 1993 626 2053 libidinis

233 2086 427 2143 Ariminensem
445 2082 546 2134 Foliam
656 2094 664 2107 ’

152 2180 190 2234 Et
210 2174 298 2231 otiosa
319 2170 428 2227 eredidit
446 2166 591 2235 Neapolis,

235 2262 267 2311 Et
287 2274 365 2310 omne
384 2252 505 2306 vicinum
524 2248 671 2317 oppidum,

155 2352 229 2417 Quae
250 2343 335 2399 sidetd
353 2352 490 2394 excantata
508 2350 577 2387 voce
596 2326 734 2386 Theffaa.
890 2338 923 2390 45

235 2432 388 2495 Lunamque
409 2426 487 2478 Coelo
507 2418 614 2486 deripit.

155 2522 210 2575 Hic
230 2513 380 2569 irresellum
401 2511 471 2561 sava
489 2509 567 2559 dente
585 2500 672 2554 livido
713 2507 723 2515 ··

236 2600 345 2655 Canidia
364 2596 459 2649 rodens
479 2590 623 2660 pollicem,

71 2702 73 2723 s
159 2690 237 2759 Quid
256 2684 352 2741 dixit?
369 2695 414 2733 aut
433 2676 497 2747 quid
516 2670 624 2725 tacuit?
640 2666 667 2720 0
683 2667 759 2719 rebus
777 2663 844 2718 meis

188 3590 192 3599 ,

235 2775 299 2825 Non
317 2766 438 2820 infideles
458 2759 581 2821 arbitra,
896 2772 929 2823 5⁰

158 2865 244 2923 Nox,
262 2857 289 2909 δι
305 2854 408 2913 Diana,
425 2866 483 2917 quaa
503 2838 640 2897 silentium
659 2836 745 2909 tegis,

236 2943 337 2994 Arcana
355 2950 437 3005 quum
456 2930 524 2982 fiunt
542 2926 631 2986 sacra,

161 3036 260 3093 Nunc,
277 3040 348 3083 nunc
367 3016 450 3075 adeste
465 3034 473 3077 3
490 3028 559 3067 nunc
578 3010 607 3062 in
624 3008 732 3063 hostiles
750 3007 846 3061 domos

237 3116 307 3172 liam
326 3122 406 3183 atque
426 3116 525 3161 numen
541 3094 649 3153 vertite.
