2334 4067
231 803 564 894 Eu1srotrt
617 805 796 890 Villa

165 983 239 1043 AD
260 983 448 1048 cursura
466 983 845 1048 auricomum

144 1128 185 1184 Se
204 1148 287 1204 neque
306 1149 430 1208 corpore,
446 1155 529 1212 neque
549 1135 641 1192 areima
661 1130 774 1189 valere:
792 1122 866 1203 Celso

172 1223 321 1302 ficundam
334 1225 473 1306 fhrtunam
494 1233 604 1314 modesti
617 1229 759 1310 serendam
779 1226 837 1308 effe.

151 1357 285 1477 Curso
294 1423 404 1494 gaudere
413 1426 513 1478 &bene
519 1441 575 1479 rern
584 1441 674 1496 gerere
683 1423 869 1486 Albinovano,

147 1505 226 1558 Musa
236 1523 340 1578 rogata,
359 1509 442 1573 refer,
460 1511 553 1564 comiti
569 1512 710 1579 scribaeque
723 1510 849 1564 Neronis.

148 1591 179 1644 si
190 1609 290 1660 qureret
299 1594 362 1662 quid
370 1611 442 1664 agam
450 1613 458 1655 ;
466 1596 603 1661 dic,rnulta
612 1597 752 1668 &ptulchra
760 1596 917 1654 minantem,

149 1677 253 1730 Vivere
264 1695 313 1730 nec
323 1678 407 1742 rediit,
418 1697 466 1733 uec
477 1682 606 1735 suaviter:
618 1683 687 1734 haud
698 1681 759 1750 quia
770 1683 870 1751 grando

151 1763 313 1816 Contuderit
325 1761 413 1824 uites,
430 1768 551 1818 oleantve
566 1765 740 1819 momorderit
755 1765 849 1825 ullust
902 1773 915 1826 ς

150 1851 209 1902 Nec
222 1849 284 1917 quia
298 1849 453 1918 longinquis
467 1865 614 1900 armentum
627 1865 737 1917 aegrotet
748 1849 776 1902 in
786 1849 872 1903 arvis:

151 1937 203 1988 Sed
212 1935 274 2004 quia
284 1949 372 1986 mente
382 1932 469 1985 minius
477 1932 671 2001 validus‚quitttt
678 1949 792 2003 corpore
800 1949 871 2000 toto,

151 2021 199 2073 Nil
212 2020 302 2072 audire
312 2021 408 2082 velim,
418 2019 456 2070 nil
467 2018 578 2081 discere,
587 2021 659 2088 quod
670 2022 743 2072 levet
754 2037 868 2091 agrum:

153 2105 223 2158 Fidis
242 2104 360 2158 offendar
378 2103 508 2174 medicis,
527 2103 621 2156 irascar
637 2095 749 2169 amicit,

156 2192 212 2244 Cur
230 2205 274 2242 me
290 2187 392 2242 firneslo
412 2203 554 2256 properent
573 2204 661 2239 arcere
679 2204 813 2242 veterno:
888 2202 922 2240 to

155 2281 223 2344 Quae
234 2291 350 2328 nocuere
360 2274 462 2341 sequar,
467 2270 565 2340 fugiam
574 2289 632 2340 quae
641 2273 749 2341 profore
759 2275 861 2326 credam
871 2293 877 2328 z

156 2365 249 2416 Rome
263 2360 347 2412 Tibur
363 2373 448 2410 arnem
464 2357 611 2421 ventosus,
623 2359 720 2411 Tibure
736 2359 861 2414 Romam.

157 2446 218 2502 Post
233 2446 304 2507 haec,
316 2458 344 2496 ut
360 2445 461 2508 valeat,
472 2459 526 2511 quo
541 2441 620 2510 patio
636 2460 692 2496 rem
706 2458 778 2513 gerat
793 2446 819 2496 ἃ
831 2446 874 2507 se.

157 2535 195 2585 Ut
214 2534 315 2600 placeat
334 2527 445 2594 juveni,
464 2541 640 2594 percontare,
659 2542 739 2596 utque
758 2529 872 2584 cohorti.

158 2618 186 2670 Si
204 2617 291 2680 dicet,
307 2612 376 2666 relic
392 2632 399 2664 ε
417 2611 531 2680 primum
550 2611 678 2682 gaudere,
694 2612 802 2665 subinde
890 2632 921 2685 ¹5

158 2703 322 2770 Praeceptum
341 2695 464 2752 auriculis
483 2697 535 2753 hoc
555 2694 678 2749 instillare
697 2687 851 2755 memento:

159 2791 198 2848 Ut
217 2802 246 2845 tu
264 2787 418 2848 fortunam,
438 2779 476 2834 sic
495 2795 545 2831 nos
565 2795 611 2846 te,
625 2780 720 2850 Celse,
735 2784 860 2843 feremus·

453 2925 587 3036 with
