2334 4067
326 418 690 490 Lmaslu
801 437 864 510 ης

144 564 869 637 &maumam-

228 684 616 783 CARMEN
686 698 791 784 IX.

297 862 379 921 AD
426 862 736 925 sossium.

148 988 229 1073 Ejus
253 1012 346 1051 nomen
364 988 425 1068 fisis
442 990 473 1071 se
496 995 659 1053 carminibus
681 994 717 1053 ab
738 990 874 1060 hominum

335 1090 471 1151 oblivione
491 1094 700 1155 vindicaturum.

149 1178 248 1297 Na
271 1240 341 1295 fort'e
360 1247 449 1299 credas
470 1244 705 1316 interitumque

152 1328 254 1399 Longe
274 1330 411 1385 sonantem
432 1346 510 1385 natus
531 1335 563 1384 ad
582 1332 707 1386 Aufidum

192 1417 262 1467 Non
281 1414 341 1467 ante
360 1419 480 1486 vulgatas
501 1434 549 1486 per
568 1432 637 1470 artes

80 1562 81 1579 χ
232 1500 321 1553 Verba
336 1502 435 1569 loquor
450 1502 572 1555 socianda
591 1502 708 1560 chordis.

80 1586 82 1635 l
154 1588 243 1649 Non,
260 1584 284 1637 si
302 1585 404 1653 priores
421 1588 557 1642 Maeonius
575 1603 650 1642 tenet
727 1582 732 1590 ’

80 1724 81 1743 ,
158 1672 244 1725 Sedes
264 1670 415 1735 Homerus,
431 1672 572 1725 Pindaricae
592 1677 693 1739 lacent,

80 1746 81 1753 ¹
198 1758 342 1823 caeaeque,
359 1756 485 1809 &Alcaei
504 1758 640 1822 minaces,

237 1839 436 1909 Stesichorique
455 1858 547 1911 graves
568 1846 724 1898 Camoenaet

161 1929 244 1989 Nec,
261 1925 286 1977 si
303 1926 366 1995 quid
384 1926 451 1979 olim
470 1926 534 1979 lusit
551 1930 707 1993 Anacreon,

164 2010 280 2065 Delevit
298 2024 360 2063 etas
377 2030 384 2065 t
404 2010 487 2079 spirat
503 2013 587 2065 adhuc
603 2028 697 2081 amor,

202 2096 361 2166 Vivuntque
379 2096 518 2149 'commissi
537 2100 639 2153 celotes

240 2182 339 2235 AEoliae
358 2180 453 2233 fidibus
473 2184 577 2249 puelle.
614 2208 617 2213 ·

80 2276 81 2299 ³
166 2272 234 2322 Non
253 2269 308 2320 sola
327 2280 450 2336 comptos
470 2266 533 2319 arsit
552 2266 662 2320 adulteri

170 2356 284 2417 Crines,
302 2354 327 2405 δι
343 2369 437 2404 aurum
455 2351 569 2405 vestibus
589 2352 688 2405 illitum
786 2368 791 2374 ·

205 2439 323 2501 Mirata,
343 2428 493 2507 regalesque
512 2440 617 2503 cultus,

245 2525 278 2575 Et
297 2522 428 2585 comites,
447 2522 546 2575 Helene
565 2524 698 2575 Lacaena:

172 2607 312 2665 Primusve
328 2610 432 2661 Teucer
450 2610 502 2659 tela
521 2606 648 2675 Cydonio

173 2693 282 2747 Direxit
302 2710 363 2745 arcu
383 2711 390 2745 :
410 2708 466 2744 non
485 2692 564 2744 se'mel
584 2692 649 2743 Ilios

212 2780 315 2835 Vexata
333 2793 340 2826 z
358 2794 414 2831 non
432 2776 562 2846 pugnavit
581 2776 675 2845 ingens

141 2916 143 2919 ,
248 2864 422 2925 Idomeneus,
440 2860 612 2913 Sthenelusve
631 2861 703 2913 solus

175 2948 296 3001 Dicenda
313 2946 400 2999 Musis
419 2944 537 3015 prcelia:
557 2962 613 2996 non
631 2946 709 2997 ferox

80 3052 82 3139 Ι
175 3033 277 3091 Ηείὶοτ
288 3034 358 3099 {vel
377 3048 435 3087 acer
453 3029 610 3100 Deiphobus
628 3046 723 3101 graves
