2334 4067
377 503 684 577 Liras-1.
779 505 889 586 ‚2²1ss

168 617 331 690 Ueneno,
345 627 444 682 Varius
463 628 534 682 ducit
549 647 557 682 ι
577 627 660 680 molle
679 637 757 692 atque
775 622 889 676 facetum

169 702 292 774 Virgilio
310 728 459 766 munemne
478 716 619 783 gaudentes
638 726 698 762 rure
718 711 861 762 camoena.
902 719 939 770 4}
975 735 977 739 v

101 814 105 820 ·
169 789 233 842 Hoc
252 811 327 859 erat,
344 815 456 866 experto
474 800 564 853 frustra
581 800 704 850 Varrone
724 795 851 856 Atacino,

166 878 259 944 Atque
269 881 423 948 quibusdam
433 884 506 948 aliis,
515 884 610 936 melius
621 883 693 952 quod
702 880 812 934 scribere
822 876 937 947 poffem,

166 962 317 1018 inventore
329 968 427 1024 minor.
438 973 531 1038 Neque
543 986 594 1039 ego
606 968 647 1020 illi
657 967 791 1020 detrahere
805 965 891 1018 ausint

165 1047 325 1102 Haerentem
344 1052 424 1121 capiti
442 1057 603 1106 multarunt
621 1053 697 1104 laude
715 1065 851 1102 coronam.

166 1133 205 1192 At
217 1133 277 1187 dixi
293 1136 375 1192 fluere
389 1140 459 1192 hunc
472 1142 648 1200 lutulentum,
660 1137 728 1206 saepe
743 1137 872 1190 ferentem
905 1148 939 1199 50

166 1218 246 1274 Plura
262 1222 371 1290 quidem
383 1227 500 1277 tollenda
512 1223 702 1292 relinquendis.
714 1225 783 1293 Age,
793 1221 897 1291 queso,

161 1306 210 1357 ’Τιι
227 1307 300 1360 nihil
316 1308 346 1360 in
362 1326 459 1379 magno
474 1310 567 1364 dusius
583 1309 720 1377 reprendis
735 1309 881 1362 Homero?

156 1391 214 1444 'Nil
233 1393 322 1446 comis
343 1395 436 1464 tragici
458 1408 542 1446 mutat
561 1394 680 1448 Lucilius
698 1396 754 1448 Atti
772 1398 783 1448 i
878 1413 884 1460 j

166 1477 233 1528 Non
253 1478 322 1532 ridet
340 1479 432 1532 versus
451 1481 519 1532 Enni
538 1480 666 1548 gravitate
685 1478 822 1540 minores,

165 1563 264 1628 Quum
280 1566 312 1616 de
327 1564 354 1616 se
367 1566 501 1634 loquitur,
513 1580 570 1617 non
582 1577 613 1616 ut
625 1561 725 1638 majore
739 1562 892 1630 repressis?
908 1582 937 1632 55

167 1637 246 1712 Quid
264 1663 357 1712 uerat,
371 1652 398 1702 δι
413 1651 518 1703 nosmet
532 1648 619 1701 Lucili
638 1647 733 1715 scripta
751 1649 868 1716 legentes
913 1651 914 1654 ’

169 1736 301 1799 Quaerere
319 1753 383 1789 num
402 1739 491 1800 illius,
505 1755 570 1792 nutu
588 1753 676 1792 tetum
693 1739 756 1790 dura
772 1735 876 1806 negarit

158 1820 329 1872 .Versieulos
348 1823 446 1874 Natura
464 1824 548 1891 magis
566 1822 670 1886 fasios,
690 1823 716 1874 ἃ
735 1837 828 1875 euntes

171 1904 303 1966 Molliiis,
315 1921 345 1956 ac
359 1905 384 1957 si
397 1907 475 1974 quis,
487 1907 597 1973 pedibus
608 1907 676 1974 ,quid
689 1909 806 1961 claudere
821 1908 891 1974 senis

169 1993 236 2045 Hoc
251 1990 353 2043 tannim
368 2007 524 2054 contentus,
536 2007 606 2046 amet
621 1991 747 2061 scripsiffe
762 1996 889 2048 ducentos
903 1999 940 2052 60

168 2080 243 2131 Ante
258 2078 346 2130 cibum
361 2079 469 2141 versus,
483 2077 595 2132 totidem
612 2095 732 2132 coenatus
747 2082 759 2134 i
773 2079 874 2132 Etrusci

154 2163 258 2228 0Quale
276 2163 422 2216 fuitc‘assi
440 2164 540 2240 rapido'
552 2165 700 2216 ferventius
719 2165 792 2216 amni

169 2250 310 2314 Ingenium
325 2267 333 2309 ;
352 2249 439 2317 capsis
458 2265 538 2316 quem
556 2249 625 2299 sama
643 2247 680 2299 est
698 2246 749 2300 effe
768 2245 893 2316 librisque

170 2334 326 2387 Ambustum
343 2333 471 2404 propriis.
490 2332 579 2385 Fuerit
596 2331 731 2395 Lucilius,
747 2331 874 2402 inquam,

173 2419 288 2481 Comis,
306 2420 331 2470 dr
350 2419 487 2476 urbanus;
507 2416 586 2468 fuerit
605 2415 722 2468 limatior
741 2417 828 2478 idem,
904 2421 936 2496 ὃς

173 2503 263 2568 Qudm
280 2506 365 2567 rudis,
378 2504 404 2555 δι
418 2501 519 2579 Graecis
535 2500 626 2554 intasii
641 2503 765 2554 carminis
780 2502 871 2555 audior
884 2521 892 2563 ι

174 2588 317 2658 Quimque
332 2584 480 2657 poetarum*
488 2587 623 2640 seniorum
640 2589 715 2638 turba
729 2605 737 2638 t
753 2587 797 2640 sed
814 2588 873 2652 ille,
939 2599 944 2612 ⁴

173 2677 203 2728 Si
221 2678 291 2730 foret
308 2675 361 2726 lroc
380 2674 495 2727 nostrum
514 2673 569 2726 sato
588 2672 683 2725 dilatus
703 2671 731 2723 in
750 2691 855 2738 aevum,

172 2765 314 2816 Detereret
329 2758 379 2811 sibi
394 2762 489 2824 multa,
500 2758 629 2810 recideret
643 2773 723 2810 omne
738 2761 811 2826 quod
824 2761 892 2812 ultra

172 2848 320 2904 Persesium
339 2845 502 2908 traheretur,
520 2844 547 2896 δι
564 2842 593 2894 in
611 2842 690 2894 versu
708 2843 828 2898 iaciendo
904 2867 939 2919 70

173 2937 248 3001 Saepe
267 2947 344 2998 eaput
363 2930 495 2989 scaberet,
509 2927 592 2979 vivos
613 2925 760 2981 &roderet
778 2946 889 2998 ungues.

173 3021 249 3084 Saepe
264 3017 361 3085 stylum
374 3030 477 3076 vertas,
490 3011 588 3064 iterum
603 3029 662 3080 quar
674 3012 751 3081 digna
764 3015 815 3082 legi
830 3015 896 3078 sint,

172 3104 342 3176 Scriptums3
356 3116 440 3170 neque
457 3114 483 3151 te
499 3112 529 3148 ut
544 3095 656 3149 miretur
669 3097 759 3159 turba,
772 3099 888 3165 labores,

673 3187 699 3241 K
718 3187 746 3256 iij
