2334 4067
278 759 607 851 Eprsroan
649 763 765 850 VIL

224 936 308 1036 Ao
358 941 815 1004 MAECENATEM

160 1077 290 1158 Excusat
312 1079 343 1159 se
368 1087 515 1148 Maecmati
546 1089 619 1168 qudd
643 1089 679 1148 ab
709 1088 781 1148 Urbe
808 1084 883 1145 absit

206 1181 311 1238 diutius
324 1201 334 1240 .·
349 1199 405 1242 tum
425 1181 484 1263 ejus
503 1188 532 1246 in
546 1185 578 1265 se
598 1187 727 1265 beneficia
747 1187 788 1243 ita
809 1203 882 1242 com·

205 1281 314 1338 mendat
326 1323 339 1351 ,
364 1301 394 1342 ut
421 1284 566 1344 libertatem
597 1286 733 1364 beneficiis
759 1282 882 1342 omnibus

201 1381 331 1461 potiorem
353 1381 400 1462 effe
420 1383 542 1446 declaret.

164 1507 357 1659 vaovss
366 1579 422 1634 dies
431 1580 480 1634 tibi
489 1579 624 1651 pollicitus
635 1597 678 1632 me
687 1595 746 1633 rore
755 1576 882 1644 ἱιιωηιω,

161 1661 291 1716 Sextilem
311 1677 397 1716 toturn
415 1669 529 1720 mendax
548 1667 691 1719 desideret.
710 1665 793 1733 Atqui

161 1746 192 1798 Si
211 1764 254 1800 me
272 1747 367 1801 vivere
387 1749 429 1802 vis
448 1750 556 1813 sanum,
571 1748 693 1817 noeque
712 1751 862 1811 valentem,

161 1831 250 1897 Quam
270 1832 336 1884 mihi
355 1834 399 1886 das
418 1851 507 1903 aegro,
521 1835 594 1886 dabis
613 1849 740 1902 egrotare
760 1832 887 1899 timenti,

162 1917 311 1980 Maecenas,
321 1918 448 1970 veniam:
463 1920 525 1970 dum
541 1917 608 1972 ficus
625 1918 726 1986 prima,
738 1920 863 1988 calorque
914 1932 927 1985 ς

163 2003 370 2072 Designatorenr
389 2006 495 2056 decorat
512 2003 652 2056 lidoribus
670 2003 756 2064 atrist

163 2090 237 2141 Dum
255 2088 345 2158 pueris
364 2089 454 2142 omnis
473 2105 547 2159 pater
564 2091 591 2142 δι
605 2091 749 2142 matercula
764 2091 866 2156 pallett

164 2173 344 2242 Officiosaque
363 2173 506 2238 sedulitas,
525 2173 551 2224 δι
570 2175 659 2239 opella
676 2171 791 2222 forensis

164 2255 279 2310 Adducit
298 2257 403 2321 febres,
420 2257 446 2308 ἃ
463 2256 615 2308 testamenta
633 2255 758 2326 resignat.

164 2341 245 2409 Qudd
264 2343 287 2395 si
305 2344 398 2394 bruma
417 2341 494 2394 nives
512 2342 619 2394 Albanis
639 2340 726 2394 illinet
743 2339 832 2412 agris,
900 2356 933 2398 ιο

164 2429 205 2480 ad
224 2445 295 2480 rnare
315 2427 452 2480 descendet
470 2443 545 2480 vates
565 2443 645 2490 tuus,
663 2426 757 2484 &sibi
776 2443 884 2496 parcet,

166 2511 374 2580 Contrashrsque
390 2514 481 2581 leget3
497 2511 636 2570 te‚du1cis
653 2513 753 2572 amice,
768 2515 867 2574 reviset

165 2596 233 2649 Cum
245 2595 394 2667 Zephyris,
406 2595 428 2649 si
441 2597 584 2653 concedes,
599 2595 625 2646 ἃ
635 2594 774 2647 hirundine
789 2599 883 2664 primi.

164 2683 239 2745 Non,
249 2699 302 2750 quo
317 2697 390 2734 more
402 2679 477 2750 pyris
489 2678 561 2731 vesci
574 2679 680 2731 Calaber
691 2677 762 2743 jobet
771 2681 880 2751 hospes,

165 2767 208 2818 Tu
227 2783 270 2818 me
289 2765 371 2818 fecisti
390 2767 559 2833 locupletem.
576 2764 688 2817 Vescere
707 2765 793 2817 sodes.
900 2784 931 2838 ¹5

166 2841 225 2907 Jarn
241 2852 302 2904 satis
319 2851 363 2904 est.
378 2851 412 2903 At
427 2866 456 2903 tu
470 2867 596 2920 quantum
610 2850 652 2902 vis
668 2851 742 2904 tolle.
755 2851 884 2922 Benigne.

164 2937 229 2987 Non
248 2936 332 2988 invisa
352 2937 420 2990 seres
439 2935 528 3004 pueris
548 2936 701 2988 munuscula
720 2937 820 3003 parvis.

167 3020 236 3076 Tem
255 3036 349 3076 teneor
366 3022 456 3087 dono,
472 3017 550 3090 quaint
569 3019 593 3073 si
611 3020 728 3075 dimittar
744 3019 864 3084 onustus.
