2334 4067
374 476 597 547 ΗΒΕΑ
647 476 675 546 I.
842 492 884 567 ²3

153 586 299 662 Tempora
314 597 432 667 populea
447 599 529 653 fertur
542 598 658 652 vinxiffe
673 592 795 661 corone,

233 681 285 733 Sic
300 682 386 735 tristes
398 683 494 738 ,affatur
511 685 635 739 amicos:

155 765 222 831 Qui>
236 785 294 822 nos
307 785 422 837 cumque
432 772 498 825 feret
509 772 606 825 melior
616 774 731 823 Fortuna
740 780 870 838 parente,
900 772 933 827 ²5

233 854 361 916 ibimus,
376 854 394 907 ὀ
407 855 474 907 socii
487 856 651 924 comitesque
664 872 673 907 t

153 939 202 991 Nil
211 939 412 1007 desperandum
421 940 524 993 Teucro
532 936 759 1008 duce‚&auspioe
766 939 889 998 Teucro}

235 1023 339 1077 Certus
353 1023 426 1076 enim
440 1026 565 1093 promisit
580 1028 680 1094 Apollo
693 1064 702 1089 ,
763 1072 770 1082 „

154 1109 330 1179 Ambiguum
343 1111 437 1162 tellure
452 1112 523 1163 novi
538 1111 669 1163 Salamiua
683 1112 808 1163 futuram.

235 1195 267 1247 0
285 1194 387 1259 fortes,
403 1194 548 1265 pejoraque
565 1196 638 1265 passi
904 1200 939 1255 30

155 1281 278 1332 Mecum
294 1280 363 1349 saepe
378 1280 451 1344 viri,
465 1298 535 1335 nunc
549 1282 618 1335 vino
632 1279 724 1350 pellite
738 1296 836 1335 tutata

237 1367 308 1417 Cras
325 1365 419 1434 iugens
435 1366 587 1419 iterabimus
604 1385 705 1437 aequor.

156 1492 877 1557 &mee-²²2²&

262 1612 591 1698 CARMEN
635 1614 793 1698 Vlll.

322 1764 408 1825 AD
447 1764 730 1826 LYDIAM.

158 1882 285 1963 obliqui
290 1877 420 1961 juvenem
431 1883 569 1959 quemdam
579 1925 592 1951 ,
603 1899 633 1940 ut
644 1904 731 1942 amore
737 1885 888 1965 perditum

484 1991 572 2033 notat.

240 2065 422 2192 Lunu,
440 2130 498 2193 dic,
516 2146 563 2199 per
578 2147 672 2183 omnes

159 2218 203 2270 Te
216 2216 296 2266 Deos
308 2232 376 2277 oro,
391 2214 503 2283 Sybarin
518 2233 563 2267 cur
575 2233 702 2285 properas
714 2217 827 2270 amando

240 2300 374 2352 Perdere?
392 2315 438 2351 cur
455 2300 572 2368 apricum

161 2384 264 2439 Oderit
277 2400 399 2452 campum
411 2423 418 2447 ,
431 2384 534 2451 pariens
545 2385 664 2453 pulveris
675 2402 753 2457 atque
764 2388 827 2441 solit
839 2389 851 2444 i

242 2471 298 2523 Cur
313 2485 399 2537 neque
414 2469 538 2521 militaris
902 2498 914 2553 ς

159 2558 240 2608 Inter
256 2555 371 2623 aquales
387 2553 508 2622 equitat?
527 2554 631 2609 Gallica
646 2574 694 2610 nec
710 2557 808 2627 lupatis

239 2642 384 2708 Temperat
400 2656 446 2691 ora
462 2638 567 2692 frenis?

161 2732 222 2780 Cur
234 2726 312 2778 timet
325 2724 424 2777 flavum
436 2723 555 2775 Tiberim
567 2728 693 2795 tangere?
709 2744 754 2779 cur
765 2729 869 2782 olivum

242 2811 377 2881 Sanguine
393 2808 519 2878 viperino

161 2896 283 2953 Cautius
297 2896 386 2949 vitat?
403 2912 488 2963 neque
502 2892 554 2957 iam
569 2893 652 2947 livida
666 2894 745 2965 gestat
759 2898 838 2951 armis
901 2928 936 2967 10

241 2978 368 3045 Brachia,
385 2980 454 3049 saepe
468 2979 558 3043 disco,

159 3073 244 3139 Saepe
259 3082 332 3121 trans
347 3064 429 3123 tinem
443 3064 531 3132 jaculo
545 3064 644 3119 nobilis
658 3064 806 3137 expedito?
