<?xml version="1.0" encoding="UTF-8"?>
<!DOCTYPE html PUBLIC "-//W3C//DTD XHTML 1.0 Transitional//EN"
    "http://www.w3.org/TR/xhtml1/DTD/xhtml1-transitional.dtd">
<html xmlns="http://www.w3.org/1999/xhtml" xml:lang="en" lang="en">
 <head>
  <title>
</title>
<meta http-equiv="Content-Type" content="text/html;charset=utf-8" />
  <meta name='ocr-system' content='tesseract 3.04.00' />
  <meta name='ocr-capabilities' content='ocr_page ocr_carea ocr_par ocr_line ocrx_word'/>
</head>
<body>
  <div class='ocr_page' id='page_1' title='image "./quintihoratiifl03horagoog_0288.png"; bbox 0 0 2334 4067; ppageno 0'>
   <div class='ocr_carea' id='block_1_1' title="bbox 295 444 860 539">
    <p class='ocr_par' dir='ltr' id='par_1_1' title="bbox 295 444 860 539">
     <span class='ocr_line' id='line_1_1' title="bbox 295 444 860 539; baseline 0.004 -2"><span class='ocrx_word' id='word_1_1' title='bbox 295 444 365 536; x_wconf 73' lang='lat'>²84</span> <span class='ocrx_word' id='word_1_2' title='bbox 435 457 860 539; x_wconf 63' lang='lat' dir='ltr'>Eaasroanavra</span> 
     </span>
    </p>
   </div>
   <div class='ocr_carea' id='block_1_2' title="bbox 223 568 1085 3048">
    <p class='ocr_par' dir='ltr' id='par_1_2' title="bbox 245 568 1085 929">
     <span class='ocr_line' id='line_1_2' title="bbox 245 568 1040 660; baseline 0.042 -41"><span class='ocrx_word' id='word_1_3' title='bbox 245 568 331 635; x_wconf 81' lang='lat' dir='ltr'>Quam</span> <span class='ocrx_word' id='word_1_4' title='bbox 342 593 398 644; x_wconf 78' lang='lat' dir='ltr'>qua</span> <span class='ocrx_word' id='word_1_5' title='bbox 407 596 455 648; x_wconf 92' lang='lat' dir='ltr'>per</span> <span class='ocrx_word' id='word_1_6' title='bbox 463 601 577 651; x_wconf 84' lang='lat' dir='ltr'>pronum</span> <span class='ocrx_word' id='word_1_7' title='bbox 586 591 699 660; x_wconf 77' lang='lat' dir='ltr'>trepidat</span> <span class='ocrx_word' id='word_1_8' title='bbox 707 611 768 646; x_wconf 88' lang='lat' dir='ltr'>cum</span> <span class='ocrx_word' id='word_1_9' title='bbox 775 611 912 647; x_wconf 87' lang='lat' dir='ltr'>murmure</span> <span class='ocrx_word' id='word_1_10' title='bbox 921 591 1040 650; x_wconf 75' lang='lat' dir='ltr'>rivum?</span> 
     </span>
     <span class='ocr_line' id='line_1_3' title="bbox 292 659 1085 763; baseline 0.039 -55"><span class='ocrx_word' id='word_1_11' title='bbox 292 659 394 728; x_wconf 89' lang='lat' dir='ltr'>Nempe</span> <span class='ocrx_word' id='word_1_12' title='bbox 413 665 482 720; x_wconf 88' lang='lat' dir='ltr'>inter</span> <span class='ocrx_word' id='word_1_13' title='bbox 500 675 586 728; x_wconf 84' lang='lat' dir='ltr'>varias</span> <span class='ocrx_word' id='word_1_14' title='bbox 606 679 721 730; x_wconf 88' lang='lat' dir='ltr'>nutritur</span> <span class='ocrx_word' id='word_1_15' title='bbox 739 681 815 748; x_wconf 85' lang='lat' dir='ltr'>sylva</span> <span class='ocrx_word' id='word_1_16' title='bbox 834 682 982 747; x_wconf 81' lang='lat' dir='ltr'>columnas</span> <span class='ocrx_word' id='word_1_17' title='bbox 994 722 1006 746; x_wconf 89' lang='lat'>,</span> <span class='ocrx_word' id='word_1_18' title='bbox 1084 742 1085 763; x_wconf 60' lang='lat'>,</span> 
     </span>
     <span class='ocr_line' id='line_1_4' title="bbox 291 741 1085 837; baseline 0.04 -45"><span class='ocrx_word' id='word_1_19' title='bbox 291 741 472 820; x_wconf 76' lang='lat' dir='ltr'>Laudaturque</span> <span class='ocrx_word' id='word_1_20' title='bbox 485 757 593 822; x_wconf 88' lang='lat' dir='ltr'>domus,</span> <span class='ocrx_word' id='word_1_21' title='bbox 603 763 699 831; x_wconf 81' lang='lat' dir='ltr'>longos</span> <span class='ocrx_word' id='word_1_22' title='bbox 710 782 768 832; x_wconf 75' lang='lat' dir='ltr'>quae</span> <span class='ocrx_word' id='word_1_23' title='bbox 779 765 913 833; x_wconf 88' lang='lat' dir='ltr'>prospicit</span> <span class='ocrx_word' id='word_1_24' title='bbox 922 784 1024 836; x_wconf 82' lang='lat' dir='ltr'>agros·</span> <span class='ocrx_word' id='word_1_25' title='bbox 1084 774 1085 837; x_wconf 63' lang='grc' dir='ltr'>ζ</span> 
     </span>
     <span class='ocr_line' id='line_1_5' title="bbox 289 827 1085 929; baseline 0.039 -52"><span class='ocrx_word' id='word_1_26' title='bbox 289 827 415 886; x_wconf 84' lang='lat' dir='ltr'>Naturam</span> <span class='ocrx_word' id='word_1_27' title='bbox 429 842 545 905; x_wconf 81' lang='lat' dir='ltr'>expellas</span> <span class='ocrx_word' id='word_1_28' title='bbox 559 843 649 906; x_wconf 70' lang='lat' dir='ltr'>furcd;</span> <span class='ocrx_word' id='word_1_29' title='bbox 661 863 750 900; x_wconf 88' lang='lat' dir='ltr'>tamen</span> <span class='ocrx_word' id='word_1_30' title='bbox 763 849 843 917; x_wconf 88' lang='lat' dir='ltr'>usque</span> <span class='ocrx_word' id='word_1_31' title='bbox 855 867 1004 918; x_wconf 88' lang='lat' dir='ltr'>recurret,</span> <span class='ocrx_word' id='word_1_32' title='bbox 1084 908 1085 929; x_wconf 58' lang='lat'>,</span> 
     </span>
    </p>

    <p class='ocr_par' dir='ltr' id='par_1_3' title="bbox 243 911 969 1072">
     <span class='ocr_line' id='line_1_6' title="bbox 243 911 935 997; baseline 0.026 -28"><span class='ocrx_word' id='word_1_33' title='bbox 243 919 273 970; x_wconf 80' lang='lat'>25</span> <span class='ocrx_word' id='word_1_34' title='bbox 290 911 321 962; x_wconf 86' lang='lat' dir='ltr'>Et</span> <span class='ocrx_word' id='word_1_35' title='bbox 340 919 407 969; x_wconf 76' lang='lat' dir='ltr'>mala</span> <span class='ocrx_word' id='word_1_36' title='bbox 426 937 579 994; x_wconf 83' lang='lat' dir='ltr'>perrumpet</span> <span class='ocrx_word' id='word_1_37' title='bbox 598 929 689 997; x_wconf 80' lang='lat' dir='ltr'>sutrim</span> <span class='ocrx_word' id='word_1_38' title='bbox 707 931 806 984; x_wconf 80' lang='lat' dir='ltr'>fastidia</span> <span class='ocrx_word' id='word_1_39' title='bbox 823 933 935 987; x_wconf 67' lang='lat' dir='ltr'>victrix.</span> 
     </span>
     <span class='ocr_line' id='line_1_7' title="bbox 288 998 969 1072; baseline 0.037 -25"><span class='ocrx_word' id='word_1_40' title='bbox 288 998 368 1064; x_wconf 86' lang='lat' dir='ltr'>Non,</span> <span class='ocrx_word' id='word_1_41' title='bbox 387 1001 433 1071; x_wconf 93' lang='lat' dir='ltr'>qui</span> <span class='ocrx_word' id='word_1_42' title='bbox 452 1007 565 1063; x_wconf 89' lang='lat' dir='ltr'>Sidonio</span> <span class='ocrx_word' id='word_1_43' title='bbox 584 1018 744 1069; x_wconf 84' lang='lat' dir='ltr'>contendere</span> <span class='ocrx_word' id='word_1_44' title='bbox 762 1018 872 1070; x_wconf 85' lang='lat' dir='ltr'>callidus</span> <span class='ocrx_word' id='word_1_45' title='bbox 891 1017 969 1072; x_wconf 81' lang='lat' dir='ltr'>ostro</span> 
     </span>
    </p>

    <p class='ocr_par' dir='ltr' id='par_1_4' title="bbox 223 1083 1020 1343">
     <span class='ocr_line' id='line_1_8' title="bbox 223 1083 937 1166; baseline 0.039 -36"><span class='ocrx_word' id='word_1_46' title='bbox 223 1147 226 1152; x_wconf 23' lang='grc' dir='ltr'>Ι</span> <span class='ocrx_word' id='word_1_47' title='bbox 286 1083 378 1138; x_wconf 79' lang='lat' dir='ltr'>Nescit</span> <span class='ocrx_word' id='word_1_48' title='bbox 393 1089 551 1158; x_wconf 80' lang='lat' dir='ltr'>Aquinatem</span> <span class='ocrx_word' id='word_1_49' title='bbox 570 1100 690 1166; x_wconf 86' lang='lat' dir='ltr'>potantia</span> <span class='ocrx_word' id='word_1_50' title='bbox 709 1104 808 1154; x_wconf 86' lang='lat' dir='ltr'>vellera</span> <span class='ocrx_word' id='word_1_51' title='bbox 826 1103 937 1166; x_wconf 86' lang='lat' dir='ltr'>sucum,</span> 
     </span>
     <span class='ocr_line' id='line_1_9' title="bbox 289 1171 1020 1257; baseline 0.036 -38"><span class='ocrx_word' id='word_1_52' title='bbox 289 1171 393 1226; x_wconf 88' lang='lat' dir='ltr'>Certius</span> <span class='ocrx_word' id='word_1_53' title='bbox 412 1177 523 1247; x_wconf 85' lang='lat' dir='ltr'>accipiet</span> <span class='ocrx_word' id='word_1_54' title='bbox 542 1184 683 1251; x_wconf 89' lang='lat' dir='ltr'>damnum,</span> <span class='ocrx_word' id='word_1_55' title='bbox 699 1189 845 1256; x_wconf 87' lang='lat' dir='ltr'>propiusve</span> <span class='ocrx_word' id='word_1_56' title='bbox 864 1191 1020 1257; x_wconf 83' lang='lat' dir='ltr'>medullis,</span> 
     </span>
     <span class='ocr_line' id='line_1_10' title="bbox 287 1253 1019 1343; baseline 0.033 -39"><span class='ocrx_word' id='word_1_57' title='bbox 287 1253 376 1319; x_wconf 73' lang='lat' dir='ltr'>Quint</span> <span class='ocrx_word' id='word_1_58' title='bbox 395 1260 440 1328; x_wconf 92' lang='lat' dir='ltr'>qui</span> <span class='ocrx_word' id='word_1_59' title='bbox 458 1279 514 1340; x_wconf 76' lang='lat' dir='ltr'>uon</span> <span class='ocrx_word' id='word_1_60' title='bbox 532 1269 631 1334; x_wconf 89' lang='lat' dir='ltr'>poterit</span> <span class='ocrx_word' id='word_1_61' title='bbox 646 1287 713 1323; x_wconf 86' lang='lat' dir='ltr'>veto</span> <span class='ocrx_word' id='word_1_62' title='bbox 730 1271 887 1343; x_wconf 84' lang='lat' dir='ltr'>distinguere</span> <span class='ocrx_word' id='word_1_63' title='bbox 903 1275 1019 1330; x_wconf 83' lang='lat' dir='ltr'>falsum.</span> 
     </span>
    </p>

    <p class='ocr_par' dir='ltr' id='par_1_5' title="bbox 241 1341 1012 1758">
     <span class='ocr_line' id='line_1_11' title="bbox 241 1341 1007 1426; baseline 0.034 -38"><span class='ocrx_word' id='word_1_64' title='bbox 241 1349 274 1402; x_wconf 79' lang='lat'>30</span> <span class='ocrx_word' id='word_1_65' title='bbox 287 1341 374 1404; x_wconf 86' lang='lat' dir='ltr'>Quem</span> <span class='ocrx_word' id='word_1_66' title='bbox 393 1361 435 1398; x_wconf 85' lang='lat' dir='ltr'>res</span> <span class='ocrx_word' id='word_1_67' title='bbox 454 1351 513 1416; x_wconf 90' lang='lat' dir='ltr'>plus</span> <span class='ocrx_word' id='word_1_68' title='bbox 533 1353 619 1406; x_wconf 89' lang='lat' dir='ltr'>nimio</span> <span class='ocrx_word' id='word_1_69' title='bbox 638 1357 801 1410; x_wconf 68' lang='lat' dir='ltr'>delestavere</span> <span class='ocrx_word' id='word_1_70' title='bbox 820 1360 963 1426; x_wconf 69' lang='lat' dir='ltr'>secunda,</span> <span class='ocrx_word' id='word_1_71' title='bbox 1003 1407 1007 1414; x_wconf 92' lang='lat'>.</span> 
     </span>
     <span class='ocr_line' id='line_1_12' title="bbox 285 1425 945 1512; baseline 0.032 -36"><span class='ocrx_word' id='word_1_72' title='bbox 285 1425 394 1482; x_wconf 83' lang='lat' dir='ltr'>Mutatae</span> <span class='ocrx_word' id='word_1_73' title='bbox 413 1435 541 1499; x_wconf 85' lang='lat' dir='ltr'>quatient.</span> <span class='ocrx_word' id='word_1_74' title='bbox 560 1437 590 1490; x_wconf 86' lang='lat' dir='ltr'>Si</span> <span class='ocrx_word' id='word_1_75' title='bbox 610 1440 673 1508; x_wconf 93' lang='lat' dir='ltr'>quid</span> <span class='ocrx_word' id='word_1_76' title='bbox 690 1442 836 1505; x_wconf 79' lang='lat' dir='ltr'>mirabere,</span> <span class='ocrx_word' id='word_1_77' title='bbox 854 1461 945 1512; x_wconf 89' lang='lat' dir='ltr'>pones</span> 
     </span>
     <span class='ocr_line' id='line_1_13' title="bbox 284 1507 998 1596; baseline 0.036 -38"><span class='ocrx_word' id='word_1_78' title='bbox 284 1507 397 1566; x_wconf 89' lang='lat' dir='ltr'>lnvirus.</span> <span class='ocrx_word' id='word_1_79' title='bbox 415 1515 485 1586; x_wconf 79' lang='lat' dir='ltr'>Fuge</span> <span class='ocrx_word' id='word_1_80' title='bbox 504 1537 618 1592; x_wconf 84' lang='lat' dir='ltr'>magna:</span> <span class='ocrx_word' id='word_1_81' title='bbox 636 1524 699 1576; x_wconf 89' lang='lat' dir='ltr'>licet</span> <span class='ocrx_word' id='word_1_82' title='bbox 717 1526 764 1578; x_wconf 93' lang='lat' dir='ltr'>sub</span> <span class='ocrx_word' id='word_1_83' title='bbox 782 1544 899 1596; x_wconf 82' lang='lat' dir='ltr'>paupere</span> <span class='ocrx_word' id='word_1_84' title='bbox 919 1531 998 1585; x_wconf 67' lang='lat' dir='ltr'>rebbo</span> 
     </span>
     <span class='ocr_line' id='line_1_14' title="bbox 283 1590 932 1676; baseline 0.037 -34"><span class='ocrx_word' id='word_1_85' title='bbox 283 1590 386 1664; x_wconf 80' lang='lat' dir='ltr'>Reges,</span> <span class='ocrx_word' id='word_1_86' title='bbox 403 1599 546 1671; x_wconf 85' lang='lat' dir='ltr'>&amp;Regum</span> <span class='ocrx_word' id='word_1_87' title='bbox 566 1607 623 1659; x_wconf 82' lang='lat' dir='ltr'>vital</span> <span class='ocrx_word' id='word_1_88' title='bbox 641 1626 800 1676; x_wconf 68' lang='lat' dir='ltr'>precurrere</span> <span class='ocrx_word' id='word_1_89' title='bbox 818 1613 932 1666; x_wconf 85' lang='lat' dir='ltr'>amicos.</span> 
     </span>
     <span class='ocr_line' id='line_1_15' title="bbox 286 1676 1012 1758; baseline 0.041 -31"><span class='ocrx_word' id='word_1_90' title='bbox 286 1676 388 1732; x_wconf 84' lang='lat' dir='ltr'>Cervus</span> <span class='ocrx_word' id='word_1_91' title='bbox 401 1699 497 1751; x_wconf 89' lang='lat' dir='ltr'>equum</span> <span class='ocrx_word' id='word_1_92' title='bbox 509 1691 598 1758; x_wconf 73' lang='lat' dir='ltr'>pugni</span> <span class='ocrx_word' id='word_1_93' title='bbox 609 1693 704 1746; x_wconf 86' lang='lat' dir='ltr'>melior</span> <span class='ocrx_word' id='word_1_94' title='bbox 715 1699 901 1750; x_wconf 82' lang='lat' dir='ltr'>communibus</span> <span class='ocrx_word' id='word_1_95' title='bbox 912 1701 1012 1756; x_wconf 83' lang='lat' dir='ltr'>herbis</span> 
     </span>
    </p>

    <p class='ocr_par' dir='ltr' id='par_1_6' title="bbox 237 1761 1009 2188">
     <span class='ocr_line' id='line_1_16' title="bbox 237 1761 940 1853; baseline 0.038 -43"><span class='ocrx_word' id='word_1_96' title='bbox 237 1773 268 1828; x_wconf 79' lang='lat'>35</span> <span class='ocrx_word' id='word_1_97' title='bbox 283 1761 415 1829; x_wconf 83' lang='lat' dir='ltr'>Pellebat,</span> <span class='ocrx_word' id='word_1_98' title='bbox 434 1770 519 1823; x_wconf 90' lang='lat' dir='ltr'>donec</span> <span class='ocrx_word' id='word_1_99' title='bbox 538 1777 628 1828; x_wconf 88' lang='lat' dir='ltr'>minor</span> <span class='ocrx_word' id='word_1_100' title='bbox 646 1778 674 1830; x_wconf 88' lang='lat' dir='ltr'>in</span> <span class='ocrx_word' id='word_1_101' title='bbox 693 1781 835 1834; x_wconf 82' lang='lat' dir='ltr'>certamine</span> <span class='ocrx_word' id='word_1_102' title='bbox 853 1785 940 1853; x_wconf 84' lang='lat' dir='ltr'>longo</span> 
     </span>
     <span class='ocr_line' id='line_1_17' title="bbox 282 1847 988 1939; baseline 0.041 -43"><span class='ocrx_word' id='word_1_103' title='bbox 282 1847 439 1917; x_wconf 88' lang='lat' dir='ltr'>lmploravit</span> <span class='ocrx_word' id='word_1_104' title='bbox 456 1872 523 1924; x_wconf 86' lang='lat' dir='ltr'>opes</span> <span class='ocrx_word' id='word_1_105' title='bbox 542 1861 680 1926; x_wconf 85' lang='lat' dir='ltr'>hominis,</span> <span class='ocrx_word' id='word_1_106' title='bbox 697 1866 854 1936; x_wconf 82' lang='lat' dir='ltr'>frenumque</span> <span class='ocrx_word' id='word_1_107' title='bbox 871 1873 988 1939; x_wconf 88' lang='lat' dir='ltr'>recepit.</span> 
     </span>
     <span class='ocr_line' id='line_1_18' title="bbox 280 1933 1009 2027; baseline 0.04 -43"><span class='ocrx_word' id='word_1_108' title='bbox 280 1933 331 1985; x_wconf 87' lang='lat' dir='ltr'>Sed</span> <span class='ocrx_word' id='word_1_109' title='bbox 341 1937 486 2006; x_wconf 81' lang='lat' dir='ltr'>postquam</span> <span class='ocrx_word' id='word_1_110' title='bbox 503 1943 592 1998; x_wconf 69' lang='lat' dir='ltr'>vidior</span> <span class='ocrx_word' id='word_1_111' title='bbox 607 1949 714 2002; x_wconf 85' lang='lat' dir='ltr'>violens</span> <span class='ocrx_word' id='word_1_112' title='bbox 730 1951 849 2006; x_wconf 83' lang='lat' dir='ltr'>discessit</span> <span class='ocrx_word' id='word_1_113' title='bbox 865 1957 896 2007; x_wconf 89' lang='lat' dir='ltr'>ab</span> <span class='ocrx_word' id='word_1_114' title='bbox 911 1959 1009 2027; x_wconf 87' lang='lat' dir='ltr'>hoste,</span> 
     </span>
     <span class='ocr_line' id='line_1_19' title="bbox 278 2021 992 2108; baseline 0.041 -37"><span class='ocrx_word' id='word_1_115' title='bbox 278 2021 343 2072; x_wconf 86' lang='lat' dir='ltr'>Non</span> <span class='ocrx_word' id='word_1_116' title='bbox 361 2025 478 2092; x_wconf 89' lang='lat' dir='ltr'>equitem</span> <span class='ocrx_word' id='word_1_117' title='bbox 497 2029 595 2092; x_wconf 90' lang='lat' dir='ltr'>dorso,</span> <span class='ocrx_word' id='word_1_118' title='bbox 612 2048 667 2083; x_wconf 89' lang='lat' dir='ltr'>non</span> <span class='ocrx_word' id='word_1_119' title='bbox 685 2034 790 2088; x_wconf 80' lang='lat' dir='ltr'>frenum</span> <span class='ocrx_word' id='word_1_120' title='bbox 809 2041 910 2108; x_wconf 90' lang='lat' dir='ltr'>depulit</span> <span class='ocrx_word' id='word_1_121' title='bbox 928 2059 992 2100; x_wconf 85' lang='lat' dir='ltr'>ore.</span> 
     </span>
     <span class='ocr_line' id='line_1_20' title="bbox 280 2105 976 2188; baseline 0.034 -31"><span class='ocrx_word' id='word_1_122' title='bbox 280 2105 338 2170; x_wconf 86' lang='lat' dir='ltr'>Sic,</span> <span class='ocrx_word' id='word_1_123' title='bbox 354 2108 400 2178; x_wconf 91' lang='lat' dir='ltr'>qui</span> <span class='ocrx_word' id='word_1_124' title='bbox 419 2111 571 2179; x_wconf 89' lang='lat' dir='ltr'>pauperiem</span> <span class='ocrx_word' id='word_1_125' title='bbox 590 2116 711 2180; x_wconf 87' lang='lat' dir='ltr'>veritus,</span> <span class='ocrx_word' id='word_1_126' title='bbox 729 2124 838 2188; x_wconf 86' lang='lat' dir='ltr'>potiore</span> <span class='ocrx_word' id='word_1_127' title='bbox 856 2128 976 2182; x_wconf 87' lang='lat' dir='ltr'>metallis</span> 
     </span>
    </p>

    <p class='ocr_par' dir='ltr' id='par_1_7' title="bbox 230 2191 1004 2355">
     <span class='ocr_line' id='line_1_21' title="bbox 230 2191 1004 2284; baseline 0.039 -44"><span class='ocrx_word' id='word_1_128' title='bbox 230 2207 266 2254; x_wconf 88' lang='lat'>40</span> <span class='ocrx_word' id='word_1_129' title='bbox 279 2191 409 2247; x_wconf 87' lang='lat' dir='ltr'>Libertate</span> <span class='ocrx_word' id='word_1_130' title='bbox 420 2212 504 2261; x_wconf 89' lang='lat' dir='ltr'>caret,</span> <span class='ocrx_word' id='word_1_131' title='bbox 515 2199 655 2258; x_wconf 85' lang='lat' dir='ltr'>domiuum</span> <span class='ocrx_word' id='word_1_132' title='bbox 664 2207 746 2260; x_wconf 88' lang='lat' dir='ltr'>vehet</span> <span class='ocrx_word' id='word_1_133' title='bbox 757 2207 909 2276; x_wconf 87' lang='lat' dir='ltr'>improbus,</span> <span class='ocrx_word' id='word_1_134' title='bbox 919 2227 1004 2284; x_wconf 89' lang='lat' dir='ltr'>atque</span> 
     </span>
     <span class='ocr_line' id='line_1_22' title="bbox 278 2277 913 2355; baseline 0.036 -29"><span class='ocrx_word' id='word_1_135' title='bbox 278 2277 384 2330; x_wconf 85' lang='lat' dir='ltr'>Servier</span> <span class='ocrx_word' id='word_1_136' title='bbox 401 2281 547 2345; x_wconf 80' lang='lat' dir='ltr'>eternlrm,</span> <span class='ocrx_word' id='word_1_137' title='bbox 563 2285 624 2352; x_wconf 89' lang='lat' dir='ltr'>quia</span> <span class='ocrx_word' id='word_1_138' title='bbox 641 2305 727 2355; x_wconf 88' lang='lat' dir='ltr'>parvo</span> <span class='ocrx_word' id='word_1_139' title='bbox 745 2293 846 2348; x_wconf 81' lang='lat' dir='ltr'>nesciet</span> <span class='ocrx_word' id='word_1_140' title='bbox 863 2298 913 2350; x_wconf 88' lang='lat' dir='ltr'>uti.</span> 
     </span>
    </p>

    <p class='ocr_par' dir='ltr' id='par_1_8' title="bbox 277 2361 1000 2612">
     <span class='ocr_line' id='line_1_23' title="bbox 280 2361 982 2450; baseline 0.038 -39"><span class='ocrx_word' id='word_1_141' title='bbox 280 2361 330 2414; x_wconf 85' lang='lat' dir='ltr'>Cui</span> <span class='ocrx_word' id='word_1_142' title='bbox 349 2379 404 2415; x_wconf 90' lang='lat' dir='ltr'>non</span> <span class='ocrx_word' id='word_1_143' title='bbox 422 2369 566 2420; x_wconf 86' lang='lat' dir='ltr'>conveniet</span> <span class='ocrx_word' id='word_1_144' title='bbox 585 2371 630 2424; x_wconf 85' lang='lat' dir='ltr'>sua</span> <span class='ocrx_word' id='word_1_145' title='bbox 650 2391 710 2439; x_wconf 88' lang='lat' dir='ltr'>res,</span> <span class='ocrx_word' id='word_1_146' title='bbox 725 2392 754 2432; x_wconf 89' lang='lat' dir='ltr'>ut</span> <span class='ocrx_word' id='word_1_147' title='bbox 772 2383 874 2436; x_wconf 84' lang='lat' dir='ltr'>calceus</span> <span class='ocrx_word' id='word_1_148' title='bbox 894 2383 982 2450; x_wconf 86' lang='lat' dir='ltr'>olim,</span> 
     </span>
     <span class='ocr_line' id='line_1_24' title="bbox 277 2447 1000 2533; baseline 0.037 -35"><span class='ocrx_word' id='word_1_149' title='bbox 277 2447 305 2498; x_wconf 83' lang='lat' dir='ltr'>si</span> <span class='ocrx_word' id='word_1_150' title='bbox 325 2450 391 2516; x_wconf 89' lang='lat' dir='ltr'>pede</span> <span class='ocrx_word' id='word_1_151' title='bbox 410 2449 495 2516; x_wconf 86' lang='lat' dir='ltr'>major</span> <span class='ocrx_word' id='word_1_152' title='bbox 513 2452 580 2517; x_wconf 86' lang='lat' dir='ltr'>etit,</span> <span class='ocrx_word' id='word_1_153' title='bbox 597 2456 751 2522; x_wconf 57' lang='lat' dir='ltr'>subvertam</span> <span class='ocrx_word' id='word_1_154' title='bbox 767 2464 790 2516; x_wconf 81' lang='lat' dir='ltr'>ai</span> <span class='ocrx_word' id='word_1_155' title='bbox 809 2467 914 2533; x_wconf 87' lang='lat' dir='ltr'>minor,</span> <span class='ocrx_word' id='word_1_156' title='bbox 926 2488 1000 2528; x_wconf 87' lang='lat' dir='ltr'>uter.</span> 
     </span>
     <span class='ocr_line' id='line_1_25' title="bbox 279 2533 897 2612; baseline 0.036 -29"><span class='ocrx_word' id='word_1_157' title='bbox 279 2533 364 2586; x_wconf 75' lang='lat' dir='ltr'>Latus</span> <span class='ocrx_word' id='word_1_158' title='bbox 384 2536 455 2589; x_wconf 88' lang='lat' dir='ltr'>sorte</span> <span class='ocrx_word' id='word_1_159' title='bbox 474 2537 518 2589; x_wconf 79' lang='lat' dir='ltr'>tud</span> <span class='ocrx_word' id='word_1_160' title='bbox 538 2538 616 2594; x_wconf 84' lang='lat' dir='ltr'>vives</span> <span class='ocrx_word' id='word_1_161' title='bbox 635 2543 783 2612; x_wconf 81' lang='lat' dir='ltr'>sapienter,</span> <span class='ocrx_word' id='word_1_162' title='bbox 799 2550 897 2612; x_wconf 73' lang='lat' dir='ltr'>Aristi5</span> 
     </span>
    </p>

    <p class='ocr_par' dir='ltr' id='par_1_9' title="bbox 229 2620 997 3048">
     <span class='ocr_line' id='line_1_26' title="bbox 229 2620 908 2704; baseline 0.037 -37"><span class='ocrx_word' id='word_1_163' title='bbox 229 2629 261 2679; x_wconf 79' lang='lat'>45</span> <span class='ocrx_word' id='word_1_164' title='bbox 276 2620 332 2671; x_wconf 87' lang='lat' dir='ltr'>Nec</span> <span class='ocrx_word' id='word_1_165' title='bbox 350 2638 394 2672; x_wconf 87' lang='lat' dir='ltr'>me</span> <span class='ocrx_word' id='word_1_166' title='bbox 414 2622 531 2676; x_wconf 86' lang='lat' dir='ltr'>dimittes</span> <span class='ocrx_word' id='word_1_167' title='bbox 552 2623 752 2698; x_wconf 79' lang='lat' dir='ltr'>incastigatum,</span> <span class='ocrx_word' id='word_1_168' title='bbox 768 2635 813 2688; x_wconf 91' lang='lat' dir='ltr'>ubi</span> <span class='ocrx_word' id='word_1_169' title='bbox 831 2639 908 2704; x_wconf 86' lang='lat' dir='ltr'>plura</span> 
     </span>
     <span class='ocr_line' id='line_1_27' title="bbox 279 2705 997 2784; baseline 0.04 -30"><span class='ocrx_word' id='word_1_170' title='bbox 279 2705 397 2772; x_wconf 81' lang='lat' dir='ltr'>Cogere,</span> <span class='ocrx_word' id='word_1_171' title='bbox 411 2706 489 2774; x_wconf 79' lang='lat' dir='ltr'>quim</span> <span class='ocrx_word' id='word_1_172' title='bbox 505 2709 566 2760; x_wconf 86' lang='lat' dir='ltr'>satis</span> <span class='ocrx_word' id='word_1_173' title='bbox 581 2711 635 2774; x_wconf 87' lang='lat' dir='ltr'>est,</span> <span class='ocrx_word' id='word_1_174' title='bbox 646 2730 677 2765; x_wconf 88' lang='lat' dir='ltr'>ac</span> <span class='ocrx_word' id='word_1_175' title='bbox 692 2731 748 2770; x_wconf 89' lang='lat' dir='ltr'>non</span> <span class='ocrx_word' id='word_1_176' title='bbox 762 2719 857 2774; x_wconf 77' lang='lat' dir='ltr'>cessare</span> <span class='ocrx_word' id='word_1_177' title='bbox 870 2725 997 2784; x_wconf 85' lang='lat' dir='ltr'>videbor.</span> 
     </span>
     <span class='ocr_line' id='line_1_28' title="bbox 276 2786 961 2876; baseline 0.038 -39"><span class='ocrx_word' id='word_1_178' title='bbox 276 2786 408 2866; x_wconf 73' lang='lat' dir='ltr'>Imperat,</span> <span class='ocrx_word' id='word_1_179' title='bbox 424 2807 470 2842; x_wconf 90' lang='lat' dir='ltr'>aut</span> <span class='ocrx_word' id='word_1_180' title='bbox 488 2793 569 2846; x_wconf 87' lang='lat' dir='ltr'>servit</span> <span class='ocrx_word' id='word_1_181' title='bbox 589 2797 698 2852; x_wconf 70' lang='lat' dir='ltr'>collesla</span> <span class='ocrx_word' id='word_1_182' title='bbox 717 2805 828 2869; x_wconf 87' lang='lat' dir='ltr'>pecunia</span> <span class='ocrx_word' id='word_1_183' title='bbox 846 2809 961 2876; x_wconf 90' lang='lat' dir='ltr'>cuique,</span> 
     </span>
     <span class='ocr_line' id='line_1_29' title="bbox 276 2871 994 2956; baseline 0.04 -34"><span class='ocrx_word' id='word_1_184' title='bbox 276 2871 389 2926; x_wconf 89' lang='lat' dir='ltr'>Tortum</span> <span class='ocrx_word' id='word_1_185' title='bbox 403 2873 480 2944; x_wconf 87' lang='lat' dir='ltr'>digna</span> <span class='ocrx_word' id='word_1_186' title='bbox 494 2877 567 2946; x_wconf 90' lang='lat' dir='ltr'>sequi</span> <span class='ocrx_word' id='word_1_187' title='bbox 582 2881 687 2946; x_wconf 78' lang='lat' dir='ltr'>potitis,</span> <span class='ocrx_word' id='word_1_188' title='bbox 696 2885 776 2954; x_wconf 75' lang='lat' dir='ltr'>quim</span> <span class='ocrx_word' id='word_1_189' title='bbox 787 2892 880 2944; x_wconf 88' lang='lat' dir='ltr'>ducere</span> <span class='ocrx_word' id='word_1_190' title='bbox 891 2895 994 2956; x_wconf 79' lang='lat' dir='ltr'>sunem.</span> 
     </span>
     <span class='ocr_line' id='line_1_30' title="bbox 276 2957 982 3048; baseline 0.038 -41"><span class='ocrx_word' id='word_1_191' title='bbox 276 2957 338 3010; x_wconf 85' lang='lat' dir='ltr'>Haec</span> <span class='ocrx_word' id='word_1_192' title='bbox 357 2960 405 3012; x_wconf 88' lang='lat' dir='ltr'>tibi</span> <span class='ocrx_word' id='word_1_193' title='bbox 425 2960 553 3014; x_wconf 77' lang='lat' dir='ltr'>dillabam</span> <span class='ocrx_word' id='word_1_194' title='bbox 573 2964 631 3032; x_wconf 86' lang='lat' dir='ltr'>post</span> <span class='ocrx_word' id='word_1_195' title='bbox 649 2967 738 3022; x_wconf 87' lang='lat' dir='ltr'>fanum</span> <span class='ocrx_word' id='word_1_196' title='bbox 758 2989 834 3040; x_wconf 86' lang='lat' dir='ltr'>putre</span> <span class='ocrx_word' id='word_1_197' title='bbox 850 2977 982 3048; x_wconf 75' lang='lat' dir='ltr'>Vacunae,</span> 
     </span>
    </p>
   </div>
   <div class='ocr_carea' id='block_1_3' title="bbox 229 3043 1036 3135">
    <p class='ocr_par' dir='ltr' id='par_1_10' title="bbox 229 3043 1036 3135">
     <span class='ocr_line' id='line_1_31' title="bbox 229 3043 1036 3135; baseline -0.015 -33"><span class='ocrx_word' id='word_1_198' title='bbox 229 3061 263 3114; x_wconf 74' lang='lat'>30</span> <span class='ocrx_word' id='word_1_199' title='bbox 275 3043 393 3116; x_wconf 73' lang='lat' dir='ltr'>Excepto</span> <span class='ocrx_word' id='word_1_200' title='bbox 413 3043 485 3120; x_wconf 83' lang='lat' dir='ltr'>qudd</span> <span class='ocrx_word' id='word_1_201' title='bbox 503 3063 559 3105; x_wconf 83' lang='lat' dir='ltr'>non</span> <span class='ocrx_word' id='word_1_202' title='bbox 578 3047 658 3106; x_wconf 86' lang='lat' dir='ltr'>simul</span> <span class='ocrx_word' id='word_1_203' title='bbox 677 3053 760 3123; x_wconf 77' lang='lat' dir='ltr'>effes,</span> <span class='ocrx_word' id='word_1_204' title='bbox 776 3074 862 3120; x_wconf 62' lang='lat' dir='ltr'>cetera</span> <span class='ocrx_word' id='word_1_205' title='bbox 879 3066 967 3125; x_wconf 49' lang='lat' dir='ltr'>qm·</span> <span class='ocrx_word' id='word_1_206' title='bbox 985 3127 990 3135; x_wconf 22' lang='lat'><em>⁶</em></span> <span class='ocrx_word' id='word_1_207' title='bbox 1030 3086 1036 3090; x_wconf 91' lang='lat'>.</span> 
     </span>
    </p>
   </div>
   <div class='ocr_carea' id='block_1_4' title="bbox 0 0 1172 4067">
    <p class='ocr_par' dir='ltr' id='par_1_11' title="bbox 0 0 1172 4067">
     <span class='ocr_line' id='line_1_32' title="bbox 0 0 1172 4067; baseline 0 0"><span class='ocrx_word' id='word_1_208' title='bbox 0 0 1172 4067; x_wconf 95' lang='lat' dir='ltr'> </span> 
     </span>
    </p>
   </div>
  </div>
 </body>
</html>
