2334 4067
255 413 257 420 Ι
357 455 576 526 Ltnnn
625 454 694 525 II.'
815 473 879 541 241

165 571 296 640 Auribus,
308 589 388 646 atque
404 568 490 632 oculis
503 599 510 633 s
526 595 658 642 mentem,
671 577 724 632 nisi
738 576 886 648 litigiosus,
898 576 947 641 285

165 661 309 728 Exciperet
320 663 444 716 dominus
451 702 459 728 ,
467 681 548 734 quum
558 667 694 718 venderet·
703 664 763 715 Hoc
772 680 880 732 quoque
890 666 987 733 vulgus

168 745 336 816 Chrysippus
356 748 435 815 ponit
452 749 574 802 foecunda
593 750 622 800 in
640 763 719 818 genre
738 748 858 802 Meneni.

167 831 289 898 Jupiter,
306 831 426 900 ingentes
446 834 492 902 qui
511 837 555 885 dns
574 834 719 901 adimisque
738 833 863 894 dolores,

169 917 258 968 Mater
276 917 313 968 ait
330 918 406 984 pueri
425 919 527 970 menses
545 918 598 983 jaro
617 918 735 987 quinque
753 916 889 978 cubantis,

168 997 273 1066 Frigida
292 1000 316 1050 si
334 1017 445 1066 puerum
465 1018 590 1069 quartana
609 999 764 1069 reliquerit,
781 1000 831 1053 illo
901 1018 957 1070 290

170 1083 251 1136 Mane
271 1085 331 1147 die,
346 1102 401 1152 quo
421 1102 450 1138 tu
469 1087 562 1138 indicis
582 1086 698 1152 jejunia,
714 1087 799 1138 nudus

170 1170 202 1222 ln
218 1170 310 1222 Tiberi
326 1169 411 1223 stabit.
431 1172 528 1234 Casus,
544 1172 695 1224 medicusve
714 1170 811 1224 levarit

171 1253 284 1324 AEgrum
303 1271 338 1307 ex
355 1254 503 1323 precipiti,
519 1271 603 1308 mater
620 1256 702 1308 delira
720 1254 824 1307 necabit

171 1338 203 1390 ln
222 1338 307 1406 gelide
325 1337 410 1391 fixum
429 1339 505 1407 ripa,
522 1338 668 1407 febrimque
686 1341 802 1394 reducet.

173 1423 273 1489 Quone
287 1425 358 1476 malo
371 1439 488 1476 mentem
502 1422 623 1476 concussa
632 1426 644 1476 ἔ
654 1423 751 1475 timore
762 1425 893 1475 Deorum.
906 1443 958 1495 295

173 1507 241 1560 Haec
255 1507 323 1560 mibi
337 1507 493 1571 Stertinius,
502 1508 653 1575 sapientum
670 1507 797 1572 osismus,
808 1508 894 1560 emico

173 1593 256 1645 Arma
274 1593 362 1655 dedit,
376 1592 483 1661 posthac
501 1609 535 1645 ne
554 1594 728 1662 compellaret
747 1591 857 1645 inultus.

174 1678 287 1744 Dixerit
302 1679 422 1730 insanum
439 1677 485 1746 qui
499 1694 556 1741 me,
567 1678 680 1730 totidem
695 1677 802 1736 audietr
817 1691 896 1746 atque

175 1764 317 1832 Respicere
336 1763 430 1832 ignoto
450 1762 531 1814 discet
549 1762 691 1830 pendentia
708 1777 793 1833 tergo.

176 1850 283 1914 Stoice,
294 1848 352 1916 post
366 1851 490 1901 damnum
502 1847 543 1918 'sic
556 1849 657 1900 vendas
671 1848 762 1900 omnia
775 1849 859 1918 pluris
871 1865 879 1900 t
911 1863 964 1916 300

177 1934 267 2000 Quam
284 1951 327 1986 me
343 1931 479 1985 stultitiam
492 1930 639 2001 (quoniam
655 1949 711 1985 non
728 1933 765 1986 esi
780 1952 863 2004 genus
878 1939 979 2005 unum)

72 2059 74 2096 Ξ
176 2018 295 2072 Insanire
313 2033 389 2086 putas
406 2020 416 2070 ἓ
435 2033 486 2085 ego
505 2033 565 2069 nam
584 2017 681 2070 videor
698 2018 765 2071 mihi
783 2022 870 2072 sanus.

178 2104 277 2170 Quid?
294 2117 372 2171 caput
385 2100 520 2154 abscissum
535 2105 643 2155 demens
660 2121 740 2171 quum
757 2118 846 2170 portat
857 2105 950 2172 Agave

177 2189 244 2243 Nati
263 2187 395 2252 infelicis,
413 2186 464 2241 sibi
484 2202 540 2240 rum
558 2187 657 2239 furiosa
674 2187 807 2241 videtur?

72 2319 73 2332 ,
179 2277 296 2328 Stultum
315 2291 357 2326 nte
376 2274 461 2326 fateor
476 2271 572 2340 (liceat
590 2273 733 2326 concedere
751 2273 844 2342 veris)
913 2287 963 2341 305

72 2345 74 2420 ᾗ
180 2362 271 2428 Atque
288 2358 369 2411 etiam
388 2357 528 2412 insanum:
546 2356 649 2410 tantism
667 2359 720 2410 hoc
738 2358 863 2424 edissere,
881 2379 938 2430 quo
956 2380 1001 2416 nte

180 2445 321 2514 AEgtotare
340 2458 416 2512 putes
436 2441 518 2496 animi
537 2442 617 2496 vitio.
636 2444 754 2512 Accipe:
771 2446 885 2512 primdm

182 2529 326 2592 AEdificas,
342 2530 393 2582 hoc
412 2527 466 2592 est,
482 2530 578 2597 longos
598 2527 729 2591 imitaris,
744 2530 775 2580 ab
794 2530 851 2581 imo

182 2615 225 2666 Ad
243 2614 375 2668 summunt
393 2628 466 2666 totus
485 2611 587 2664 moduli
605 2611 751 2679 bipedalis,
768 2614 793 2665 ἃ
811 2614 881 2668 idem

185 2701 307 2767 Corpore
326 2697 453 2766 majorem
472 2697 541 2750 rides
557 2696 691 2749 Turbonis
709 2697 738 2749 in
756 2700 836 2753 armis
914 2731 967 2783 310

185 2779 313 2850 Spiritum
323 2822 331 2848 ,
341 2783 366 2834 δι
378 2781 512 2836 incessum.
525 2782 580 2848 Qui
593 2782 718 2835 ridiculus
731 2783 819 2838 mimis
831 2787 901 2841 illo?

187 2869 230 2920 An
245 2870 431 2936 quodcumque
445 2866 508 2920 stcit
519 2867 703 2930 Maecenas‚te
718 2885 824 2937 quoque
837 2888 931 2925 verum
942 2874 996 2940 est,

185 2954 276 3006 Tanto
294 2953 469 3015 dissimilent,
486 2952 512 3003 δι
530 2966 606 3004 tanto
624 2965 724 3003 certare
742 2953 901 3008 minorem?

187 3037 309 3094 Absentis
329 3055 397 3093 tane
415 3037 495 3108 pullis
513 3036 594 3092 vituli
611 3036 678 3106 pede
696 3036 812 3105 pressis,

738 3127 760 3182 L
