2334 4067
320 455 679 538 Pocrrcn'
782 481 851 556 3η

133 575 255 633 Versibus
270 580 413 654 impariter
424 587 522 655 iendis
538 583 706 659 querimonia
719 581 853 654 prirntim‚
864 591 897 644 75
927 611 932 646 1

132 659 187 714 Pori
202 666 284 720 etiam
303 669 406 726 inclusa
422 674 458 726 eil
473 673 534 728 voti
551 670 682 726 sententia
697 684 821 738 compos.

132 746 196 817 Quis
210 765 303 805 tamen
318 756 435 826 exiguos
451 760 543 828 elegos
558 755 677 810 emiserit
692 753 799 820 ausior,

132 832 305 891 Grammatici
322 856 443 907 certant,
457 843 484 895 dt
496 844 578 896 adbuc
594 842 640 894 sub
655 839 741 906 judice
756 839 789 892 lis
804 836 851 894 est.

130 915 305 996 Archilocum
322 928 437 996 proprio
454 927 540 981 rabies
558 925 671 978 armavit
688 924 787 976 iambo.

130 998 201 1056 Hunc
213 1005 288 1060 socci
304 1026 401 1079 cepere
414 1014 525 1080 pedem,
538 1011 697 1082 grandesque
712 1006 853 1070 cothurni,
863 1003 901 1056 80
928 1042 931 1046 -

131 1088 242 1144 Alternis
260 1109 357 1164 aptum
376 1096 560 1160 sermonibus,
575 1097 601 1148 δι
616 1095 759 1166 populares

130 1170 287 1230 Vincentem
303 1179 446 1248 strepitus,
462 1183 488 1234 ἃ
502 1195 594 1233 natum
610 1181 687 1232 rebus
703 1177 823 1247 agendis.

131 1255 202 1311 Musa
216 1262 291 1316 dedit
308 1263 407 1317 fidibus
423 1265 532 1329 Divos,
547 1263 697 1333 puerosque
712 1263 853 1328 Deorum,'

106 1402 108 1407 ,
131 1339 853 1420 Etpugilemviliorem,&equumcertamineprimunt,

132 1424 161 1476 Et
175 1427 305 1492 iuvenum
323 1451 419 1498 curas,
434 1433 556 1487 &libera
571 1433 637 1485 vina
652 1433 758 1498 referre.
862 1434 899 1504 δε
926 1493 930 1500 ,

133 1508 282 1584 Descriptus
300 1518 409 1571 servare
422 1518 497 1571 vices
513 1533 677 1586 operumque
693 1519 814 1582 colores,

134 1594 185 1646 Cur
197 1615 264 1668 ego,
276 1601 301 1654 si
316 1619 424 1672 nequeo
438 1602 602 1672 ignoroque,
615 1601 695 1670 posta
710 1601 833 1656 salutor?

134 1677 183 1730 Cur
196 1684 315 1751 nescire,
325 1688 428 1755 pudens
441 1685 540 1755 prave,
552 1685 632 1756 quim
646 1686 744 1740 discere
758 1689 853 1744 maloi
893 1721 896 1726 Δ

132 1758 252 1821 Versibus
268 1771 375 1840 exponi
389 1770 495 1842 tragicis
511 1787 553 1823 res
567 1771 670 1825 comica
686 1789 742 1825 non
753 1775 833 1834 vnlt;

131 1844 277 1919 Indignatur
294 1856 365 1908 item
382 1854 497 1924 privatis
514 1871 544 1907 ac
560 1854 646 1924 prope
664 1855 743 1909 socco
861 1869 901 1926 90

132 1930 222 2003 Dignis
240 1939 405 1994 carminibus
424 1937 523 1992 narrari
539 1953 618 1991 coena
631 1939 763 2008 Thyeste.

135 2014 241 2090 Singula
253 2043 371 2096 quaeque
384 2028 475 2078 locum
491 2037 598 2077 teneant
612 2022 705 2078 sortita
719 2025 851 2082 decenter.

134 2100 262 2161 interdurn
280 2126 374 2164 tamen
392 2111 419 2163 dt
432 2125 529 2164 vocem
545 2109 686 2164 Cornoedia
704 2109 794 2174 tollit,

136 2185 265 2264 lutusque
281 2197 411 2253 Chremes
429 2194 533 2248 tumido
549 2193 669 2264 delitigat
685 2209 733 2246 ore
746 2210 755 2252 ;

136 2271 166 2324 Et
180 2280 293 2349 tragicus
310 2284 465 2350 plerumque
482 2281 555 2332 dolet
571 2279 693 2332 sermone
709 2279 820 2348 pedestri
862 2295 898 2357 91

136 2358 263 2432 Telephus
274 2367 499 2435 &Peleus,quum
508 2381 608 2433 pauper
617 2364 722 2418 &exsul
731 2379 852 2436 uterque»

137 2441 242 2512 Proiicit
259 2453 390 2520 ampullas
407 2448 637 2519 &sesquipedalia
653 2449 752 2512 verba,

137 2528 162 2580 Si
177 2550 249 2589 curat
264 2554 314 2591 cor
328 2535 469 2604 spedantis
486 2532 598 2603 terigisse
614 2533 728 2602 quereli-

138 2612 196 2668 Non
208 2619 269 2674 satis
283 2620 321 2675 est
333 2622 441 2689 pulchra
451 2617 502 2672 effe
514 2618 651 2686 podmata,
661 2617 745 2670 dulcia
756 2617 848 2684 sunto,

136 2695 167 2748 Et
177 2717 344 2776 quocumque
354 2707 449 2758 volent
460 2703 578 2758 animum
591 2701 719 2756 auditoris
733 2719 840 2774 agunto.
846 2722 898 2768 tto

136 2781 172 2835 Ut
185 2787 329 2846 ridentibus
345 2791 478 2853 arrident,
493 2787 530 2841 ita
546 2787 671 2842 flentibus
688 2787 784 2842 adflent

137 2865 248 2930 Humani
264 2879 365 2931 vultus.
381 2874 469 2930 Siris
486 2891 530 2926 me
546 2873 628 2938 flere,
640 2875 781 2928 dolendum
796 2877 833 2930 est

137 2951 250 3013 Primum
262 2961 315 3032 ipsi
326 2961 374 3015 ribi
382 3001 391 3027 ,
400 2975 462 3012 tunc
472 2973 518 3012 tua
529 2976 571 3012 me
583 2959 726 3012 infortunia
737 2961 848 3026 laedent,

134 3036 263 3118 Telephe,
275 3050 321 3104 vel
335 3047 434 3103 Peleu:
448 3042 517 3101 mali
534 3044 558 3100 si
572 3046 695 3103 mandata
710 3043 847 3120 loqustis,
