2334 4067
290 486 357 558 262
388 482 709 561 Sr'rrnrnurr
739 494 834 560 [ιιι.
849 489 903 558 ΙΙ.

238 609 274 662 80
285 607 373 664 Redde
391 629 457 680 age,
473 631 531 683 qua
550 613 675 683 deinceps
692 611 779 666 risisti.
793 609 919 665 Vibidius
939 608 1009 660 dum

285 695 388 761 Qua-rit
402 699 434 750 de
449 699 551 766 pueris,
563 717 628 752 num
640 701 676 752 sit
689 713 795 768 quoque
808 694 888 748 stadia
899 697 1014 762 lagena.

284 778 365 845 Qudd
379 781 431 836 sibi
446 783 566 852 poscenti
580 801 636 836 nnn
649 786 744 836 dentur
756 783 852 851 pocula
862 797 873 840 ι
885 781 1008 846 dumque
1094 782 1095 805 l

283 863 394 920 Ridetur
411 867 480 920 fieris
498 886 605 932 rerum,
622 869 762 921 Balatrone
780 866 916 928 secundo,

283 951 442 1016 Nasidiene,
459 954 527 1006 redis
545 969 652 1006 mutata
670 952 785 1010 frontis,
800 967 830 1004 ut
848 964 904 1002 arte

236 1031 268 1096 85
282 1035 472 1090 Emendaturus
490 1039 634 1092 fortunam.
653 1038 758 1090 Deinde
775 1036 880 1106 sequuti

281 1121 446 1176 Mazonnmo
464 1123 540 1190 pueri
560 1140 658 1194 magno
676 1124 805 1192 discerpta
821 1123 935 1174 ferentes

280 1207 401 1260 Membra
415 1208 487 1276 gruis
501 1208 582 1277 sparsi
597 1210 650 1262 sale
662 1211 763 1272 multo,
773 1224 829 1260 non
841 1207 899 1260 sine
910 1207 1003 1265 farrea

282 1289 425 1360 Pinguibus
445 1291 471 1344 δι
486 1289 545 1346 ficis
563 1292 664 1362 pastum
682 1292 754 1358 jecut
771 1293 869 1346 anseris
888 1293 972 1354 alba,

281 1375 314 1427 Et
329 1378 452 1446 leporum
468 1379 593 1437 avulsos,
606 1395 636 1431 ut
651 1377 737 1432 mults>
753 1378 879 1441 suavius,
892 1393 1003 1439 armos,
1027 1392 1033 1400 ’

233 1473 269 1525 90
282 1461 369 1528 Qudm
378 1461 402 1516 si
410 1479 470 1516 eum
478 1463 575 1516 lumbis
583 1463 644 1533 quis
651 1463 785 1518 edir.Tum
792 1462 899 1531 pedore
906 1461 1001 1514 adusto

280 1546 403 1602 Vidimus
414 1550 441 1602 st
449 1552 562 1603 merulas
573 1551 654 1619 poni,
663 1549 755 1603 &sine
765 1552 841 1603 clune
850 1549 987 1617 palumbes
999 1565 1008 1600 ε

280 1633 381 1690 Suaves
400 1651 460 1698 res,
477 1635 501 1688 si
519 1652 575 1688 non
593 1636 681 1689 causas
700 1651 814 1688 narraret
831 1651 921 1687 earum
942 1635 969 1684 δι

279 1721 391 1774 Naturae
410 1719 534 1774 dominus
549 1740 558 1775 t
573 1739 654 1790 quem
671 1738 722 1774 nos
740 1720 779 1775 sic
795 1721 910 1792 sugimus
929 1719 981 1774 ulti
999 1758 1009 1786 ,

280 1806 318 1860 Ut
337 1805 404 1858 nihil
422 1804 535 1860 omnino
553 1805 730 1876 gustaremus,
745 1808 822 1858 velut
839 1805 893 1858 illis

231 1901 264 1956 95
280 1891 389 1944 Canidia
406 1889 513 1946 afflasset
531 1891 608 1962 pejor
625 1890 788 1961 serpentibus
802 1890 884 1947 Astis·

502 2115 579 2178 llnis
597 2118 767 2196 Satyramrn.

520 2413 737 2588 'illins
