2334 4067
263 485 336 557 188-
403 496 834 567 Srrrnrrnvrr

233 609 382 668 ssordidus
401 630 430 664 ac
448 613 649 684 dives‚popu1i
667 628 839 668 contemnere
857 621 969 663 voces
1024 604 1030 613 '

257 694 301 746 Sic
316 696 427 749 solitus:
440 698 556 767 Populus
569 716 613 753 me
627 700 732 758 sibilat,
741 714 768 751 at
781 696 847 761 inihi
861 693 999 763 plaudo

257 780 315 847 lpse
325 782 414 845 domi,
423 784 501 835 simul
513 801 543 837 ac
551 802 676 837 nummos
690 784 858 850 contemplor
868 780 898 831 in
911 792 1019 829 arca.

258 867 385 919 Tantalus
404 884 418 919 a
436 868 515 922 labris
535 870 630 923 sitiens
647 869 775 939 fugientia
793 878 880 933 captat

259 950 421 1005 Flumina...
432 954 506 1018 Quid
524 954 619 1008 rides?
635 969 738 1007 murato
756 952 884 1011 nornine,
898 948 942 1000 de
973 958 1022 997 te

212 1046 248 1096 70
259 1030 353 1089 Fabula
373 1052 498 1091 narratur.
520 1038 657 1107 Oongeffis
675 1038 792 1106 undique
810 1036 890 1088 saoeis

258 1122 391 1175 slndormis
411 1122 535 1185 inhians,
552 1126 578 1175 δι
594 1137 728 1193 tamquam
746 1139 853 1190 parcere
870 1120 966 1172 sacris

248 1206 394 1275 Cogeris,
411 1222 454 1258 aut
473 1206 552 1275 pinis
571 1223 706 1277 tamquam
725 1209 837 1276 gaudere
856 1207 995 1258 tabellis,

262 1292 354 1343 Nescis
367 1290 421 1359 quo
432 1294 519 1344 valeat
529 1295 759 1359 nummus?.qnem
767 1290 1013 1360 praebentusnm.²
1106 1331 1108 1339 .

263 1377 341 1431 Panis
362 1392 480 1440 ematur,
499 1380 578 1440 olus,
595 1377 655 1429 vini
673 1377 801 1429 sextarius
816 1394 827 1434 3
845 1376 928 1438 adde,

218 1475 249 1527 75
265 1462 350 1529 Queis
369 1462 483 1513 humana
503 1461 553 1513 sibi
571 1463 660 1521 doleat
677 1476 770 1523 natura
787 1460 901 1529 negatis·

266 1550 309 1599 An
322 1547 434 1617 vigilare
450 1561 523 1599 metu
539 1546 706 1610 exanimem,
717 1546 861 1613 nostesque
875 1544 1005 1613 diesque

266 1633 417 1686 Formidare
437 1634 521 1687 malos
540 1632 629 1693 fures,
645 1630 785 1692 incendia,
802 1630 915 1692 servos,

267 1720 309 1770 Ne
328 1732 355 1769 te
374 1716 519 1783 compilent
537 1716 688 1785 fugientes,
701 1717 754 1769 hoc
770 1716 871 1781 juvat?
888 1716 1001 1765 horum·

270 1804 379 1869 Semper
389 1817 440 1869 ego
454 1800 569 1868 opririnr
583 1801 767 1869 pauperrimus
779 1800 830 1853 effe
842 1802 1002 1853 bonorum.

224 1890 259 1940 80
271 1888 305 1937 At
324 1886 348 1937 si
367 1885 506 1939 condoluit
524 1900 654 1937 tentatum
672 1885 772 1954 frigore
788 1902 906 1951 corpus,

271 1974 324 2023 Aur
343 1969 408 2021 alius
429 1970 502 2021 casus
521 1968 592 2021 lenio
611 1984 637 2021 re
656 1968 756 2031 affixit,
773 1970 852 2022 habes
871 1968 917 2038 qni

271 2056 408 2119 Assidear,
419 2056 536 2108 fomenta
555 2068 647 2119 parer,
661 2053 792 2106 medicum
809 2069 902 2123 roget,
914 2067 947 2105 ur
965 2070 1001 2106 re

274 2142 404 2205 Suscita,
419 2156 449 2192 ac
467 2140 555 2191 reddat
573 2137 642 2189 naris
661 2137 778 2205 carisque
795 2139 968 2206 propinquis.

274 2230 338 2279 Non
357 2244 427 2278 uxor
445 2226 546 2277 salvum
566 2237 593 2275 re
612 2224 689 2286 vult,
706 2238 762 2274 non
778 2222 875 2276 filins:
896 2242 997 2277 omnes

230 2312 260 2374 85
275 2310 365 2363 Vicini
385 2312 515 2369 oderunt,
534 2306 613 2371 nori,
633 2307 709 2374 pueri
728 2322 806 2376 atque
824 2312 928 2375 puellae.

277 2394 399 2454 Miraris,
413 2408 494 2459 quum
512 2405 542 2441 tu
560 2405 670 2459 argento
687 2390 747 2457 post
764 2392 855 2442 onrnia
872 2410 977 2460 ponas,

278 2479 307 2531 Si
319 2494 398 2529 nemo
410 2474 512 2546 prestet
522 2512 529 2537 ‚
541 2491 621 2543 quem
634 2490 692 2526 non
701 2476 841 2538 merearis¹
853 2493 973 2530 arnotem
985 2479 998 2531 ἓ

279 2566 322 2617 An
341 2562 364 2614 si
384 2575 533 2630 cognatos,
551 2561 627 2611 nullo
645 2560 745 2611 Natura
762 2561 852 2612 labore

282 2650 358 2713 Quos
373 2646 421 2697 tibi
436 2647 493 2705 dat,
505 2645 617 2697 retinere
629 2644 698 2696 velis
712 2644 868 2713 servareque
880 2646 1001 2713 amicos,

235 2744 270 2793 90
281 2730 377 2783 Infelix
396 2745 503 2795 operam
522 2730 614 2794 perdas
631 2747 641 2787 ;
656 2744 686 2779 ut
704 2728 728 2781 si
747 2729 806 2797 quis
824 2730 934 2784 asellum

248 2865 250 2874 ,
282 2820 314 2871 In
333 2830 428 2881 campo
446 2815 538 2863 doceat
555 2827 691 2879 parentem
710 2830 814 2866 currere
832 2816 936 2870 frenis?

250 2960 253 2967 Δ
283 2902 405 2971 Denique
415 2898 451 2951 sir
458 2896 521 2948 finis
531 2896 818 2967 quaerendi3quurnque
826 2902 921 2954 habens
928 2904 1000 2969 plus.

285 2986 440 3055 Pauperiem
459 2996 559 3037 metuas
578 2980 690 3041 minirs3
707 2982 827 3036 &finire
845 2988 963 3038 laborem

209 3108 211 3113 s
286 3072 412 3143 Incipias,
426 3082 503 3143 perro
522 3066 596 3139 quod
613 3067 706 3122 aiebas
720 3086 730 3122 ι
744 3085 793 3125 nec
808 3070 892 3124 facias
910 3073 985 3142 quon
1107 3060 1108 3093 ³
