2334 4067
358 456 575 528 Lrncn
636 458 704 526 Is
801 479 867 550 273

143 575 281 635 AEilivam
300 579 421 633 sermone
439 581 556 650 benigno
575 581 682 633 tendere
701 578 817 635 nodem.

145 663 216 728 Qud
236 664 302 716 mihi
320 665 474 728 fortunam,
492 666 515 718 si
534 683 591 718 non
609 665 762 718 conceditur
781 665 821 718 uti
839 667 851 718 i

145 750 248 802 Parcus
267 751 302 802 ob
320 751 423 803 heredis
442 767 529 804 curam
541 769 549 809 ·,
563 751 730 818 nimiumque
748 751 872 816 severus,

145 835 259 886 Assidet
277 834 379 888 insano.
401 835 516 898 Potare,
534 837 560 888 δι
579 836 699 905 spargere
717 834 798 888 flores

146 918 301 987 Incipiam,
321 919 457 988 patiarque
476 921 522 972 vel
541 919 705 972 inconsultus
724 919 823 972 haberi.
885 928 916 979 15

147 1005 227 1070 Quid
246 1021 301 1056 non
319 1005 432 1058 ebrietas
451 1004 568 1076 designat
583 1008 595 1060 i
613 1019 705 1074 operta
723 1005 851 1068 recludit,

148 1090 220 1156 Spes
235 1087 307 1155 jubet
319 1088 370 1141 effe
384 1105 465 1152 ratas,
477 1087 507 1141 in
521 1091 617 1158 proelia
629 1091 712 1144 trudit
724 1091 871 1156 inermem,

147 1172 282 1224 Sollicitis
301 1173 396 1225 animis
416 1190 484 1226 onus
503 1175 619 1237 eximit,
636 1177 745 1228 addocet
763 1191 844 1230 artes.

148 1259 279 1311 Foecundi
297 1258 390 1311 calices
410 1276 489 1329 quem
508 1276 564 1312 non
581 1260 669 1314 fecere
688 1261 814 1314 disertum
829 1265 842 1316 i

150 1342 297 1396 Contradia
316 1359 395 1413 quem
413 1360 470 1396 non
488 1343 518 1396 in
535 1359 689 1412 paupertate
708 1347 852 1402 solutum?
883 1357 919 1396 20

149 1431 216 1482 Haec
235 1446 285 1500 ego
303 1446 444 1498 procurare
462 1431 488 1482 δι
502 1430 616 1482 idoneus
633 1430 767 1499 imperor,
778 1432 873 1485 &non

149 1517 276 1579 Invitus,
294 1532 328 1567 ne
346 1529 423 1584 turpe
442 1518 530 1578 toral,
547 1532 580 1567 ne
600 1515 703 1568 sordida
721 1534 817 1586 mappa

152 1607 287 1670 corruget
304 1617 380 1654 nares
396 1617 404 1659 ;
423 1617 456 1652 ne
475 1617 531 1652 non
550 1601 576 1654 δι
592 1601 748 1666 conchanis,
765 1604 873 1658 &lanx

151 1687 282 1741 Ostendat
300 1686 348 1738 tibi
367 1702 394 1738 te
409 1703 417 1746 ;
434 1702 467 1738 ne
486 1684 555 1738 fidos
574 1686 644 1739 inter
661 1689 764 1744 amicos

151 1775 214 1838 Sir,
231 1772 277 1841 qui
296 1771 363 1825 dicia
381 1772 453 1824 foras
472 1771 592 1824 eliminet
607 1792 616 1832 ;
635 1788 664 1826 ut
681 1777 760 1830 coeat
776 1795 825 1846 par
883 1788 916 1838 25

150 1862 334 1930 Jungaturque
353 1845 420 1926 pari.
438 1855 547 1908 Brutum
565 1856 615 1908 ribi
634 1859 864 1932 Septimiumque,

151 1949 187 2000 Et
205 1945 259 1998 nisi
276 1961 354 1998 coena
372 1943 461 2012 prior,
479 1941 623 2012 potiorque
642 1949 729 2012 puella
746 1950 872 2002 Sabinum

152 2031 279 2092 Detinet,
292 2028 425 2082 assumam.
439 2027 523 2079 Locus
538 2027 575 2080 est
591 2029 747 2097 &pluribus
761 2035 872 2088 umbris.

154 2121 208 2174 Sed
224 2115 304 2168 nimis
318 2113 387 2166 arcia
403 2127 526 2180 premunt
541 2113 620 2165 olidae
634 2117 763 2169 convivia
777 2133 871 2184 capra.

154 2207 318 2273 Tu,quotus
329 2198 379 2252 else
391 2197 473 2261 velis,
483 2197 611 2258 rescribe,
623 2200 745 2262 &,rebus
755 2200 874 2268 omissis,
885 2207 920 2260 30

153 2290 231 2344 Atria
249 2289 397 2342 servantem
415 2281 517 2352 postico
536 2281 597 2337 falle
616 2282 750 2346 clientem.

464 2541 563 2736 aa
