2334 4067
314 446 533 519 Linea
597 449 627 520 1.
771 444 837 538 189

112 565 265 621 Ummidius
284 570 392 637 quidam
405 573 478 639 (non
489 575 568 642 longa
579 570 616 623 est
627 570 728 637 sabula)
739 567 833 631 dives,
852 579 883 631 95

114 652 150 703 Ut
167 654 315 707 metiretur
334 672 459 725 nummos
477 675 485 716 ς
503 658 540 709 ita
558 655 697 718 sordidus,
714 669 744 707 ut
763 656 790 706 se

116 738 176 789 Non
193 756 328 808 umquam
349 742 428 793 servo
447 742 541 795 melitis
560 740 668 794 vestiret
684 760 693 801 ς
710 744 741 793 ad
759 742 841 808 usque

118 819 278 889 supremum
300 840 424 893 tempus,
444 843 478 897 ne
495 826 522 879 se
542 825 651 894 penuria
670 824 756 876 visitis

120 906 316 975 Opprimeret,
328 913 481 965 metuebat:
498 926 525 963 at
541 912 613 963 hunc
630 912 723 963 liberta
741 907 825 962 securi

120 990 221 1044 Divisit
241 994 385 1057 medium,
403 994 549 1047 fortissima
564 996 784 1065 Tyndaridarum.
842 1009 891 1045 too

122 1075 192 1138 Quid
202 1079 242 1129 mi
254 1078 342 1147 igitur
350 1079 460 1135 suades?
470 1097 497 1133 ut
506 1081 599 1132 vivam
609 1080 742 1133 Maenius?
752 1096 796 1131 aut
804 1079 845 1131 sic

123 1161 157 1211 Ut
175 1164 393 1217 Nomentanus?
411 1164 500 1233 Pergis
519 1166 661 1235 pugnantia
681 1165 768 1217 secum

124 1245 265 1301 Frontibus
283 1250 403 1301 adversis
416 1266 589 1317 componere.
599 1249 662 1301 Non
674 1265 724 1318 ego
737 1265 845 1301 avarum

125 1332 212 1394 Quum
223 1348 295 1387 veto
307 1349 334 1385 te
345 1333 536 1403 fieri‚vappam
547 1334 626 1399 jubeo
637 1351 667 1386 ac
677 1336 844 1387 nebulonem.

124 1414 163 1466 Est
181 1416 254 1469 inter
268 1418 385 1471 Tanaim
400 1416 522 1486 quiddam
537 1418 710 1487 socerumque
723 1420 826 1472 viselli.
847 1434 892 1487 105

127 1499 166 1551 Est
182 1504 286 1557 modus
306 1503 333 1554 in
352 1505 448 1565 rebus,
466 1502 526 1554 sunt
544 1504 610 1555 certi
629 1503 742 1571 denique
761 1502 848 1566 fines}
942 1494 950 1500 ”

129 1584 202 1649 Quos
220 1590 297 1640 ultra
315 1587 432 1655 citraque
451 1586 545 1655 nequit
562 1586 703 1639 consistere
720 1588 831 1643 rectum.

130 1668 210 1737 iiiuc,
223 1675 301 1725 nnde
321 1672 393 1734 abii,
409 1673 498 1723 redeo.
517 1672 633 1724 Nemon'
646 1688 675 1724 ut
692 1691 787 1725 avarus

130 1756 162 1807 Se
179 1760 298 1825 probet,
311 1774 340 1809 ac
359 1756 449 1823 potius
467 1757 554 1807 laudet
572 1756 675 1809 diversa
693 1759 850 1827 sequentes?

133 1840 265 1911 Quodque
286 1842 371 1894 aliena
391 1842 489 1907 capella
508 1857 580 1909 gerat
598 1841 733 1895 distentius
751 1846 828 1909 uber,
849 1858 900 1895 110

133 1926 256 1981 Tabescat
275 1930 286 1981 i
304 1942 392 1995 neque
409 1926 436 1977 st
455 1923 550 1989 majori
569 1926 758 1993 pauperiorum

134 2010 226 2065 ‘sutbae
238 2014 396 2080 comparet?
403 2012 472 2063 hunc
482 2023 559 2079 arque
566 2007 638 2063 hunc
649 2012 768 2079 superare
775 2015 899 2066 laboret?

138 2095 178 2149 Sic
194 2096 332 2151 festinanti
351 2096 453 2163 semper
469 2089 632 2162 locupletior
650 2095 753 2156 obstan

137 2182 187 2243 Ut,
199 2200 285 2252 quum
298 2180 443 2235 carceribus
456 2176 547 2229 miffos
560 2178 630 2247 rapit
642 2182 739 2247 ungula
753 2176 854 2244 currus,

140 2267 214 2321 Instat
232 2269 311 2339 equis
330 2266 419 2335 auriga
437 2264 499 2317 suot
516 2262 700 2328 vincentibus,
713 2264 788 2316 ilium
853 2280 899 2332 115

140 2350 305 2407 Praeteritum
323 2366 445 2403 temnens
463 2362 598 2400 extremos
616 2348 820 2413 intereuntem.

144 2436 202 2491 inde
220 2439 253 2492 fit
271 2452 302 2489 ut
320 2434 401 2500 rard,
417 2432 463 2503 qui
481 2433 507 2485 se
524 2430 621 2485 vixiffe
639 2435 744 2486 beatum

144 2518 238 2588 Dicat,
255 2524 282 2575 ὅτ
299 2520 392 2574 exndio
413 2531 553 2571 contentus
571 2530 692 2583 tempore
711 2519 775 2570 vitae

144 2607 243 2673 Cedat,
256 2608 299 2661 uti
317 2604 435 2659 conviva
453 2603 538 2660 satur,
551 2602 666 2667 reperite
684 2615 819 2670 queamus.
892 2625 898 2631 ·

147 2691 203 2745 Jam
221 2693 284 2747 satis
303 2690 339 2744 est
353 2709 361 2743 t
376 2696 411 2741 tte
430 2684 473 2738 me'
492 2681 609 2751 Crispini
626 2684 721 2737 scrinia
740 2687 808 2755 iippi
836 2689 907 2750 '120

149 2776 308 2849 Compitaffe
325 2790 419 2845 putes,
433 2772 544 2825 verbnm
559 2762 616 2822 non
629 2770 742 2849 amplius
759 2776 857 2832 addam.
949 2762 952 2767 ⁵

441 2918 573 2974 Μ
636 2936 639 2940 ἢ
726 3000 729 3018 r
