2334 4067
416 461 648 527 Lrnnn.
829 468 894 543 175

166 571 260 646 Agros
280 590 358 649 atque
378 578 456 633 Lares
475 577 594 647 patrios,
607 573 801 641 habitandaque
818 570 878 622 sana

246 663 326 731 Apris
345 664 473 733 reliquit,
490 665 516 717 &
533 662 668 732 rapacibus
686 658 782 728 lupis)
910 671 947 709 20

169 750 213 802 lre
230 754 309 819 pedes
326 770 495 823 quocumque
507 754 609 815 serent,
620 763 789 821 quocumque
801 762 850 814 per
861 746 945 799 undas

247 838 336 892 Notus
354 839 484 903 vocabit,
502 852 548 889 rut
566 850 710 905 protervus
728 830 843 886 Asticus.

170 924 216 977 sic
234 926 321 993 placet
333 927 344 979 l
358 918 391 977 an
406 924 501 977 melius
517 922 576 993 quis
590 922 670 973 habet
682 920 789 973 suadere
801 919 812 971 ἓ
825 915 945 969 Secundi

248 1008 342 1062 Rarern
361 1026 490 1079 occupare
510 1008 575 1078 quid
594 1023 729 1060 ruotatnur
747 1006 839 1058 alite?

172 1098 226 1149 Sed
244 1094 363 1161 juremus
381 1094 410 1148 in
426 1096 481 1147 haee
496 1114 502 1148 :
519 1092 602 1145 Simul
621 1092 684 1144 imis
702 1091 763 1143 saxa
779 1086 898 1143 rendrint
909 1107 942 1158 25

248 1178 331 1231 Vadis
349 1180 456 1243 lerata,
473 1194 507 1231 ne
525 1177 612 1231 redire
630 1177 666 1229 sit
684 1177 780 1236 nesas;

81 1300 82 1311 ,
171 1264 234 1315 Neu
254 1263 383 1317 conversa
402 1266 511 1317 domurn
529 1262 620 1333 pigeat
638 1264 699 1314 dare
716 1262 821 1325 lintea,
838 1257 946 1327 quando

248 1348 331 1402 Padus
351 1350 451 1402 Matina
470 1350 567 1403 laverit
586 1348 744 1408 cacumina3

172 1433 205 1484 ln
226 1449 297 1485 mare
316 1434 362 1487 seu
380 1435 462 1487 celsus
482 1432 644 1503 procurrerit
661 1433 834 1500 Apenninus,

249 1518 382 1588 Novique
401 1519 516 1571 monstra
534 1517 653 1585 junxerit
671 1517 781 1570 libidine
912 1526 948 1579 30

174 1602 263 1657 Mirus
281 1620 379 1663 amor3
397 1604 473 1670 juvet
491 1619 521 1657 ut
539 1604 622 1674 tigres
641 1602 773 1655 subsidere
791 1600 897 1666 cervis,

250 1690 419 1742 Adulteretur
438 1690 464 1741 δι
483 1690 607 1742 columba
625 1688 732 1749 miliior

176 1774 291 1827 Credula
310 1792 359 1827 nec
377 1776 467 1829 sulvos
486 1774 598 1827 timeant
617 1788 735 1826 armenta
752 1776 860 1841 leones,

248 1860 380 1929 timetque
399 1860 462 1911 salsa
480 1858 549 1911 levis
568 1858 656 1911 hircus
675 1876 814 1927 aequoran

81 2008 82 2013 η
174 1946 256 2008 Haec,
269 1945 295 1996 δι
307 1962 363 2013 que
378 1960 505 2015 poterunt
519 1943 619 1997 reditus
630 1943 780 1999 abscindere
793 1947 897 2012 dulces,
912 1962 943 2017 35

249 2030 344 2085 Eamus
365 2029 454 2105 omnis
474 2030 607 2085 exsecrata
625 2029 741 2094 civitas,
822 2062 826 2070 ·

174 2116 230 2168 Aut
249 2132 308 2183 pars
327 2115 440 2168 indocili
459 2114 555 2169 melior
573 2131 677 2188 grege:
694 2114 785 2168 mollis
806 2115 832 2167 dc
850 2104 946 2184 exspes

250 2200 399 2253 inominata
417 2200 561 2269 perprimat
579 2198 686 2253 cubilia.

176 2286 252 2349 Vos,
264 2283 358 2354 quibus
377 2284 414 2337 esi
431 2284 532 2347 virtus,
545 2284 701 2337 muliebrem
719 2284 806 2338 tollite
824 2286 945 2350 ludium,

250 2370 355 2423 Etrusca
374 2386 469 2441 praeter
489 2371 515 2421 δι
532 2371 625 2423 volate
642 2368 744 2425 littora.
908 2387 947 2435 40

82 2494 83 2529 3
175 2460 236 2513 Nos
255 2470 344 2508 manet
362 2454 485 2507 Oceanus
504 2454 707 2523 circumtegunt
725 2472 807 2521 arva,
822 2458 898 2511 beata

251 2541 373 2594 Petamus
392 2556 472 2603 arva,
489 2538 587 2591 divites
606 2540 633 2589 δι
650 2538 768 2603 insulas,

176 2624 272 2680 Reddit
289 2623 336 2679 ubi
354 2627 479 2677 Cererem
497 2624 575 2675 tellus
594 2622 693 2675 inarata
711 2626 873 2691 quotannis,

250 2712 283 2763 Et
302 2710 429 2777 imputata
448 2708 527 2761 floret
545 2707 628 2775 usque
646 2707 727 2760 vinea
743 2728 753 2769 ς

178 2796 321 2854 Germinat
341 2794 368 2847 bc
387 2808 531 2861 numquam
549 2792 665 2845 salientis
684 2808 781 2848 termes
800 2796 943 2863 olivam

251 2882 382 2949 suamque
401 2880 473 2947 pulla
491 2876 557 2929 ficus
576 2892 656 2930 ornat
672 2881 803 2933 arborem.

178 2967 260 3019 Mella
278 2982 343 3017 cava
362 2978 469 3020 manant
488 2978 523 3013 ex
540 2962 619 3026 ilice,
635 2964 771 3018 montibus
790 2964 851 3020 altis

250 3049 331 3105 Levis
350 3063 472 3119 crepante
489 3047 601 3117 lympha
619 3048 709 3101 desilit
726 3051 803 3117 pede.

676 3133 703 3185 li
722 3132 752 3187 ir
