2334 4067
247 463 293 535 ω’
461 456 506 531 Η
527 458 558 531 0
583 461 616 529 R
640 452 678 530 A
702 462 820 533 TII

285 602 322 665 Et
334 601 410 667 bene
426 605 465 667 ait
474 606 569 689 hospes
584 627 700 690 :neque
714 608 792 668 enim
803 607 828 668 si
838 603 1005 689 quidpiam

244 710 391 791 exaliqua
409 709 482 772 seila
496 711 584 774 semel
601 710 763 794 probasset,
780 711 859 773 idem
875 710 1003 794 semper
1077 770 1081 776 .

244 814 404 895 probabat3
417 814 487 893 sed,
502 838 583 877 more
596 816 760 899 hospitum,
772 816 848 898 apud
860 816 1004 899 singulos

244 918 354 979 tamdiu
366 919 577 992 devertebatur,
585 923 721 1002 quamdiu
732 920 847 981 libebat.
859 918 901 979 Ita
911 917 1007 1001 post-

246 1043 332 1104 quam
353 1023 436 1084 initio
457 1046 523 1084 cum
541 1024 645 1087 Stoicis
666 1028 699 1087 bt
720 1024 902 1085 Academicis
925 1021 1002 1085 sen-

246 1124 319 1186 serat
338 1124 376 1186 de
393 1128 489 1189 divina
507 1131 536 1187 in
559 1150 605 1188 res
624 1129 759 1189 humanas
777 1126 961 1209 providentia
984 1174 1002 1204 ,

248 1230 381 1291 eamdem
400 1229 477 1293 risus
498 1231 539 1292 est
555 1254 660 1315 negare
678 1254 744 1293 cum
766 1230 912 1313 Epicuro,
930 1228 1002 1297 Sat.

252 1354 279 1416 ς.
302 1334 336 1395 L.
363 1352 385 1395 1.
413 1356 499 1417 quam
525 1336 635 1418 scripsit
659 1336 804 1422 juvenis,
828 1338 1001 1417 iterumque

249 1436 319 1499 Ode
337 1459 383 1521 34.
398 1439 432 1500 L.
451 1458 617 1507 terrorem
633 1439 718 1504 istum
733 1438 876 1520 ejuravit3
892 1442 924 1503 bt
939 1441 976 1499 eri
986 1485 1000 1514 ,

250 1541 307 1625 qui
319 1564 370 1625 par
385 1561 445 1605 erat
456 1589 465 1619 ,
478 1546 618 1627 religione
633 1545 670 1605 de
683 1542 756 1607 Deis
772 1541 929 1623 judicavit,
944 1560 1002 1604 ut-

250 1662 320 1729 pote
342 1670 417 1730 quos
440 1650 471 1709 δε
493 1636 665 1724 invocaret,
691 1649 724 1709 δι
746 1665 909 1729 precaretur
933 1669 999 1729 pro

242 1748 301 1833 ¹fe,
328 1772 381 1831 pro
402 1750 584 1827 Maecenate,
609 1773 664 1833 pro
685 1750 840 1833 Augusto,
863 1753 1000 1833 populo·
1082 1769 1087 1781 ⁴

241 1874 310 1944 'que
320 1853 466 1917 Romano.
484 1855 571 1915 Unde
591 1854 654 1915 satis
671 1854 763 1937 liquet
780 1853 932 1914 Horatium
955 1857 1001 1914 ni-

243 1948 291 2025 „hil
301 1940 410 2031 minus,
419 1959 504 2041 quim
511 1959 684 2042 Epicureum
693 1958 784 2022 fuilse.
796 1958 899 2045 Neque
909 1958 998 2019 obest

250 2064 286 2123 iis
301 2084 364 2147 quae
382 2063 528 2137 diximus,
548 2063 628 2145 qubd
647 2050 736 2144 Epist.
753 2083 783 2138 4.
799 2060 833 2122 L.
853 2080 875 2121 1.
890 2060 918 2121 fe
938 2084 1000 2122 vo·
1027 2059 1031 2062 ’

252 2183 299 2228 cat
312 2168 479 2259 Epicurinde·
486 2166 560 2251 grege
572 2188 682 2249 porcum
695 2189 704 2227 :
715 2164 785 2226 nihil
800 2167 879 2225 enirn
894 2164 1001 2239 aliud,
1085 2207 1086 2210 ,

252 2270 339 2352 quim
359 2292 426 2333 cum
446 2270 495 2332 suo
514 2269 635 2331 Tibullo
655 2271 748 2331 ridete
767 2269 883 2345 voluit,
902 2292 935 2330 ac
957 2275 1000 2330 si-

243 2372 436 2457 gnificatese
455 2379 590 2457 pinguem
610 2374 667 2437 effe
688 2378 721 2438 &
743 2374 819 2435 bene
838 2375 961 2460 nitidum
985 2418 1000 2450 ,

251 2478 349 2563 quales
367 2495 445 2538 erant
462 2478 612 2559 Epicureae
630 2478 763 2539 dobin'nae
782 2478 942 2540 sedatores.

289 2580 401 2643 Verium
419 2598 449 2641 ut
467 2582 638 2642 coronidem
647 2585 832 2664 imponamus
848 2583 995 2643 huicnof³
1085 2623 1086 2626 =

250 2672 429 2767 t'rae'opellae
448 2731 458 2762 ,
486 2684 539 2745 fuit
563 2685 817 2746 Horatius'brevis
838 2676 871 2748 dt
890 2686 999 2747 obelus

251 2809 397 2871 corpore,
412 2790 557 2871 ingens&
572 2786 677 2848 subtilis
688 2790 827 2868 ingenio,
842 2790 925 2849 miles
942 2792 997 2849 im·

250 2893 354 2967 bellis,
368 2910 447 2954 vates
460 2888 602 2951 animosus
614 2914 624 2973 3
637 2890 728 2951 ditius
741 2892 811 2952 Olor
820 2894 998 2971 Venusinus,

250 3020 267 3056 a
282 2973 419 3081 patrie&
437 2995 535 3055 eantirs
553 2994 687 3056 suavitate
702 3017 709 3055 :
726 2997 835 3054 utinam
849 2997 881 3057 ὃ(
894 2992 997 3059 Oloris.

248 3102 421 3169 munditiem
435 3098 554 3166 referret
570 3102 599 3163 in
616 3098 772 3179 omnibus,
791 3119 845 3163 nec
857 3098 886 3165 se
898 3101 996 3187 impu-3
1018 3166 1021 3170 ‚
