2334 4067
336 531 457 602 ιη
482 551 508 602 a
532 549 559 600 a
607 528 673 598 11.
799 543 866 615 319

130 641 303 715 Ingenium,
314 649 365 704 sibi
380 654 453 723 quod
467 669 564 706 vacuas
577 646 723 724 desumpsit
735 645 867 709 Athewr

87 798 91 807 Ι
132 732 176 780 Et
195 732 286 785 studiis
301 751 385 789 annos
401 737 502 807 septem
517 735 605 800 dedit,
619 732 788 801 insenuitque

134 811 234 866 Libris
251 816 277 867 δι
291 818 377 882 curis,
391 819 475 874 statua
490 819 649 874 taciturnius
666 816 724 871 exit

135 897 414 970 Plerumque‚&risu
423 908 553 976 populum
562 902 868 974 quatitehicegorerum

132 982 280 1037 Flueiibus
296 987 325 1038 in
341 991 452 1051 mediis,
466 991 493 1043 δι
506 988 702 1058 tempestatibus
717 986 815 1050 Urbis,
879 987 912 1053 85

135 1069 235 1122 Verba
250 1073 316 1141 lyrae
332 1089 436 1129 motura
449 1077 545 1129 sonum
560 1073 717 1128 couneeiere
732 1072 848 1142 digner?

135 1154 235 1207 Frater
249 1174 307 1209 erat
319 1159 413 1212 Romae
429 1160 543 1215 consulti
558 1160 665 1222 rhetor,
677 1173 707 1212 ut
722 1160 789 1210 alter

135 1240 263 1293 Alterius
278 1243 400 1298 sermone
415 1261 504 1300 meros
520 1244 622 1298 audiret
636 1245 776 1302 honores;

137 1325 284 1380 Gracchus
299 1344 329 1382 ut
344 1329 389 1383 hic
405 1329 446 1384 illi
460 1331 530 1384 soret
540 1367 549 1394 ,
559 1328 624 1382 huic
639 1342 670 1380 ut
684 1327 792 1380 Mucius
808 1325 865 1382 ille.
893 1367 895 1374 ,

138 1413 203 1478 Qui
220 1413 309 1466 mimis
326 1430 434 1484 argutos
450 1429 534 1468 vexat
548 1414 625 1468 furor
641 1411 686 1464 iste
703 1412 821 1481 poetas?
876 1429 913 1482 90

137 1497 270 1559 Carmina
285 1514 439 1568 compono,
451 1499 496 1553 hic
510 1501 622 1568 elegos:
636 1495 755 1548 mirabile
769 1496 849 1560 visu,

138 1584 327 1652 caelatumque
338 1600 439 1637 novem
447 1583 535 1636 Musis
546 1599 624 1651 opus.
633 1580 727 1649 Aspice
739 1580 867 1649 primum,
885 1581 888 1584 ’

138 1668 256 1732 Quanto
272 1685 333 1720 cum
349 1667 429 1733 fastu,
443 1684 544 1737 quanto
561 1665 702 1720 molimine
719 1665 834 1720 circum·

137 1751 291 1820 speeiemus
306 1771 418 1807 vacuam
433 1752 561 1807 Romanis
576 1753 681 1806 vatibus
698 1753 791 1805 adem.

137 1837 216 1888 Mox
226 1838 316 1898 etiam,
325 1838 349 1890 si
360 1836 430 1891 sorte
440 1855 529 1901 vacas,
537 1837 689 1904 sequere,&
698 1839 792 1904 procul
803 1834 863 1890 audi
874 1851 907 1905 95

138 1922 217 1986 Quid
227 1923 307 1987 serat,
316 1923 341 1975 δι
350 1940 430 1992 quare
441 1921 494 1975 sibi
505 1920 590 1974 neeiat
600 1936 710 1989 uterque
722 1939 859 1978 coronam.

139 2009 294 2072 Cadimur,
304 2005 452 2060 &totidem
463 2005 549 2074 plagis
558 2004 739 2058 consumimus
750 2006 868 2070 hostem,

140 2091 229 2144 Lento
247 2091 379 2146 Samnites
395 2093 427 2144 ad
445 2092 546 2144 lumina
562 2089 647 2158 prima
665 2092 763 2145 duello.

138 2174 259 2230 Discedo
272 2176 375 2228 Alcaeus
391 2174 491 2243 punsio
508 2174 602 2236 illius:
619 2174 665 2226 ille
681 2190 743 2226 mco
759 2173 843 2241 quis?

141 2261 229 2326 Quis,
240 2260 292 2313 nisi
303 2260 479 2313 Callimachus
490 2262 501 2313 l
513 2258 536 2311 si
548 2261 608 2326 plus
619 2257 760 2325 adposcere
770 2258 911 2324 visurum)

139 2347 185 2399 Fir
203 2345 394 2408 Mimnermus,
407 2345 434 2398 δε
448 2343 546 2412 optivo
562 2342 724 2412 cognomine
738 2344 846 2401 crescit.

142 2433 231 2484 Multa
246 2432 321 2494 fero,
332 2445 363 2482 ut
377 2432 479 2498 placem
494 2445 576 2499 genua
592 2429 718 2483 irritabile
732 2445 844 2497 vatum,
879 2438 882 2448 '

142 2517 235 2581 Quum
248 2514 349 2579 scribo,
361 2514 512 2583 &supplex
524 2513 619 2581 populi
634 2513 755 2584 suffragia
767 2531 856 2586 capto.

141 2603 235 2662 Idem,
249 2598 341 2652 finitis*
351 2598 457 2661 studiis.
473 2599 500 2650 δι
514 2611 603 2652 mente
621 2598 743 2667 recepti,

142 2687 276 2739 Obrutem
292 2687 395 2754 pandas
412 2682 521 2752 impune
538 2683 684 2752 legentibus
703 2697 788 2740 aures.
861 2703 906 2755 105

141 2775 272 2830 Ridentur
286 2775 355 2826 mala
372 2771 418 2841 qui
434 2783 601 2840 componunt
615 2771 751 2828 carminat
765 2777 861 2834 veriam

142 2861 269 2914 Gaudent
282 2859 441 2921 scribentes,
453 2858 517 2911 &se
529 2873 704 2923 venerantur,
717 2861 744 2914 u
754 2865 842 2928 ultro,

141 2945 171 2998 Si
187 2961 289 3007 taceas,
302 2945 424 3007 laudant,
434 2941 562 3012 quidquid
575 2943 715 3011 scripsere,
727 2947 807 3004 beati.

141 3032 177 3082 At
193 3029 239 3098 qui
254 3029 403 3100 legitimum
419 3029 510 3097 cupiet
524 3027 612 3080 secisse
628 3029 742 3097 poema,

141 3121 211 3174 Cum
228 3115 324 3174 tabulis
340 3114 460 3171 animum
475 3113 592 3169 censorie
608 3114 694 3168 sumet
708 3115 829 3179 honesti:
857 3128 908 3168 aro

636 3207 664 3262 0
683 3207 714 3264 iv
