<?xml version="1.0" encoding="UTF-8"?>
<!DOCTYPE html PUBLIC "-//W3C//DTD XHTML 1.0 Transitional//EN"
    "http://www.w3.org/TR/xhtml1/DTD/xhtml1-transitional.dtd">
<html xmlns="http://www.w3.org/1999/xhtml" xml:lang="en" lang="en">
 <head>
  <title>
</title>
<meta http-equiv="Content-Type" content="text/html;charset=utf-8" />
  <meta name='ocr-system' content='tesseract 3.04.00' />
  <meta name='ocr-capabilities' content='ocr_page ocr_carea ocr_par ocr_line ocrx_word'/>
</head>
<body>
  <div class='ocr_page' id='page_1' title='image "./quintihoratiifl03horagoog_0014.png"; bbox 0 0 2334 4067; ppageno 0'>
   <div class='ocr_carea' id='block_1_1' title="bbox 277 200 1070 519">
    <p class='ocr_par' dir='ltr' id='par_1_1' title="bbox 277 200 1070 519">
     <span class='ocr_line' id='line_1_1' title="bbox 1058 200 1070 308; baseline 0 40"><span class='ocrx_word' id='word_1_1' title='bbox 1058 200 1070 308; x_wconf 68' lang='lat' dir='ltr'>i</span> 
     </span>
     <span class='ocr_line' id='line_1_2' title="bbox 277 436 833 519; baseline 0 -4"><span class='ocrx_word' id='word_1_2' title='bbox 277 436 303 515; x_wconf 73' lang='grc'>’6</span> <span class='ocrx_word' id='word_1_3' title='bbox 475 445 833 519; x_wconf 82' lang='lat' dir='ltr'><em>HORATII</em></span> 
     </span>
    </p>
   </div>
   <div class='ocr_carea' id='block_1_2' title="bbox 277 584 1075 2023">
    <p class='ocr_par' dir='ltr' id='par_1_2' title="bbox 277 543 1075 2023">
     <span class='ocr_line' id='line_1_3' title="bbox 277 584 1058 677; baseline 0.009 -30"><span class='ocrx_word' id='word_1_4' title='bbox 277 588 351 647; x_wconf 88' lang='lat' dir='ltr'>timo</span> <span class='ocrx_word' id='word_1_5' title='bbox 374 603 491 670; x_wconf 83' lang='lat' dir='ltr'>patente</span> <span class='ocrx_word' id='word_1_6' title='bbox 514 589 641 652; x_wconf 84' lang='lat' dir='ltr'>Romam</span> <span class='ocrx_word' id='word_1_7' title='bbox 663 589 832 672; x_wconf 81' lang='lat' dir='ltr'>deportatus</span> <span class='ocrx_word' id='word_1_8' title='bbox 860 584 929 664; x_wconf 81' lang='lat' dir='ltr'>est,</span> <span class='ocrx_word' id='word_1_9' title='bbox 952 584 1034 672; x_wconf 86' lang='lat'>(4)</span> <span class='ocrx_word' id='word_1_10' title='bbox 1053 672 1058 677; x_wconf 18' lang='lat'>⁸</span> 
     </span>
     <span class='ocr_line' id='line_1_4' title="bbox 278 690 1072 778; baseline 0.004 -28"><span class='ocrx_word' id='word_1_11' title='bbox 278 690 451 775; x_wconf 84' lang='lat' dir='ltr'>traditusque</span> <span class='ocrx_word' id='word_1_12' title='bbox 466 696 495 754; x_wconf 91' lang='lat' dir='ltr'>in</span> <span class='ocrx_word' id='word_1_13' title='bbox 511 694 690 778; x_wconf 82' lang='lat' dir='ltr'>disciplinam</span> <span class='ocrx_word' id='word_1_14' title='bbox 706 693 815 755; x_wconf 86' lang='lat' dir='ltr'>Orbilii</span> <span class='ocrx_word' id='word_1_15' title='bbox 831 691 879 776; x_wconf 88' lang='lat'>(5)</span> <span class='ocrx_word' id='word_1_16' title='bbox 895 692 1006 775; x_wconf 85' lang='lat' dir='ltr'>Pupilli</span> <span class='ocrx_word' id='word_1_17' title='bbox 1023 736 1038 766; x_wconf 90' lang='lat'>,</span> <span class='ocrx_word' id='word_1_18' title='bbox 1071 705 1072 778; x_wconf 57' lang='lat' dir='ltr'>s</span> 
     </span>
     <span class='ocr_line' id='line_1_5' title="bbox 280 796 1072 881; baseline 0.004 -27"><span class='ocrx_word' id='word_1_19' title='bbox 280 797 330 875; x_wconf 92' lang='lat' dir='ltr'>qui</span> <span class='ocrx_word' id='word_1_20' title='bbox 345 816 455 880; x_wconf 83' lang='lat' dir='ltr'>nuper,</span> <span class='ocrx_word' id='word_1_21' title='bbox 470 798 567 861; x_wconf 59' lang='lat' dir='ltr'>relicta</span> <span class='ocrx_word' id='word_1_22' title='bbox 582 800 753 862; x_wconf 81' lang='lat' dir='ltr'>Benevento</span> <span class='ocrx_word' id='word_1_23' title='bbox 767 798 877 881; x_wconf 68' lang='lat' dir='ltr'>patria,</span> <span class='ocrx_word' id='word_1_24' title='bbox 895 796 1034 858; x_wconf 82' lang='lat' dir='ltr'>Romam</span> <span class='ocrx_word' id='word_1_25' title='bbox 1071 805 1072 808; x_wconf 75' lang='grc'>’</span> 
     </span>
     <span class='ocr_line' id='line_1_6' title="bbox 279 869 1073 982; baseline 0.004 -25"><span class='ocrx_word' id='word_1_26' title='bbox 279 899 475 982; x_wconf 53' lang='lat' dir='ltr'>demigrarat,</span> <span class='ocrx_word' id='word_1_27' title='bbox 493 919 524 962; x_wconf 94' lang='lat' dir='ltr'>ut</span> <span class='ocrx_word' id='word_1_28' title='bbox 541 902 581 963; x_wconf 90' lang='lat' dir='ltr'>ibi</span> <span class='ocrx_word' id='word_1_29' title='bbox 599 902 690 965; x_wconf 83' lang='lat' dir='ltr'>bonas</span> <span class='ocrx_word' id='word_1_30' title='bbox 707 919 781 962; x_wconf 89' lang='lat' dir='ltr'>artes</span> <span class='ocrx_word' id='word_1_31' title='bbox 799 903 927 962; x_wconf 91' lang='lat' dir='ltr'>doceret.</span> <span class='ocrx_word' id='word_1_32' title='bbox 949 900 1034 961; x_wconf 89' lang='lat' dir='ltr'>Puer</span> <span class='ocrx_word' id='word_1_33' title='bbox 1072 869 1073 916; x_wconf 40' lang='lat'>¹</span> 
     </span>
     <span class='ocr_line' id='line_1_7' title="bbox 278 1002 1074 1085; baseline -0.003 -23"><span class='ocrx_word' id='word_1_34' title='bbox 278 1004 376 1085; x_wconf 90' lang='lat' dir='ltr'>itaque</span> <span class='ocrx_word' id='word_1_35' title='bbox 394 1004 532 1067; x_wconf 84' lang='lat' dir='ltr'>Horatius</span> <span class='ocrx_word' id='word_1_36' title='bbox 549 1005 669 1067; x_wconf 70' lang='lat' dir='ltr'>honeste</span> <span class='ocrx_word' id='word_1_37' title='bbox 686 1008 718 1069; x_wconf 89' lang='lat'>&amp;</span> <span class='ocrx_word' id='word_1_38' title='bbox 734 1007 869 1066; x_wconf 88' lang='lat' dir='ltr'>decenter</span> <span class='ocrx_word' id='word_1_39' title='bbox 884 1002 1034 1080; x_wconf 81' lang='lat' dir='ltr'>vestitus,</span> <span class='ocrx_word' id='word_1_40' title='bbox 1073 1031 1074 1060; x_wconf 66' lang='grc' dir='ltr'><strong>ι</strong></span> 
     </span>
     <span class='ocr_line' id='line_1_8' title="bbox 280 1102 1035 1191; baseline 0.001 -23"><span class='ocrx_word' id='word_1_41' title='bbox 280 1110 384 1169; x_wconf 85' lang='lat' dir='ltr'>additis</span> <span class='ocrx_word' id='word_1_42' title='bbox 398 1112 483 1170; x_wconf 86' lang='lat' dir='ltr'>etiam</span> <span class='ocrx_word' id='word_1_43' title='bbox 499 1102 618 1172; x_wconf 71' lang='lat' dir='ltr'>servulie</span> <span class='ocrx_word' id='word_1_44' title='bbox 634 1112 683 1191; x_wconf 92' lang='lat' dir='ltr'>qui</span> <span class='ocrx_word' id='word_1_45' title='bbox 699 1108 904 1191; x_wconf 84' lang='lat' dir='ltr'>sequerentur,</span> <span class='ocrx_word' id='word_1_46' title='bbox 917 1107 1035 1170; x_wconf 63' lang='lat' dir='ltr'>doctri-</span> 
     </span>
     <span class='ocr_line' id='line_1_9' title="bbox 281 1195 1075 1296; baseline 0 -23"><span class='ocrx_word' id='word_1_47' title='bbox 281 1216 326 1273; x_wconf 87' lang='lat' dir='ltr'>nis</span> <span class='ocrx_word' id='word_1_48' title='bbox 341 1216 488 1287; x_wconf 85' lang='lat' dir='ltr'>omnibus,</span> <span class='ocrx_word' id='word_1_49' title='bbox 501 1216 582 1296; x_wconf 86' lang='lat' dir='ltr'>queis</span> <span class='ocrx_word' id='word_1_50' title='bbox 597 1213 735 1296; x_wconf 83' lang='lat' dir='ltr'>Equitum</span> <span class='ocrx_word' id='word_1_51' title='bbox 752 1234 784 1272; x_wconf 90' lang='lat' dir='ltr'>ac</span> <span class='ocrx_word' id='word_1_52' title='bbox 799 1211 973 1273; x_wconf 83' lang='lat' dir='ltr'>Senatorum</span> <span class='ocrx_word' id='word_1_53' title='bbox 992 1214 1034 1273; x_wconf 91' lang='lat' dir='ltr'>li·</span> <span class='ocrx_word' id='word_1_54' title='bbox 1074 1195 1075 1220; x_wconf 27' lang='lat' dir='ltr'>i</span> 
     </span>
     <span class='ocr_line' id='line_1_10' title="bbox 280 1315 1035 1401; baseline -0.003 -24"><span class='ocrx_word' id='word_1_55' title='bbox 280 1315 344 1377; x_wconf 86' lang='lat' dir='ltr'>beri</span> <span class='ocrx_word' id='word_1_56' title='bbox 363 1316 581 1391; x_wconf 87' lang='lat' dir='ltr'>imbuebantur,</span> <span class='ocrx_word' id='word_1_57' title='bbox 600 1315 657 1376; x_wconf 76' lang='lat' dir='ltr'>unit</span> <span class='ocrx_word' id='word_1_58' title='bbox 679 1317 805 1377; x_wconf 89' lang='lat' dir='ltr'>eruditus</span> <span class='ocrx_word' id='word_1_59' title='bbox 828 1315 893 1390; x_wconf 90' lang='lat' dir='ltr'>est,</span> <span class='ocrx_word' id='word_1_60' title='bbox 913 1316 1035 1401; x_wconf 84' lang='lat' dir='ltr'>advigi-</span> 
     </span>
     <span class='ocr_line' id='line_1_11' title="bbox 281 1418 1033 1503; baseline 0.003 -24"><span class='ocrx_word' id='word_1_61' title='bbox 281 1419 358 1481; x_wconf 85' lang='lat' dir='ltr'>lantc</span> <span class='ocrx_word' id='word_1_62' title='bbox 376 1422 508 1496; x_wconf 89' lang='lat' dir='ltr'>interim,</span> <span class='ocrx_word' id='word_1_63' title='bbox 523 1422 556 1483; x_wconf 77' lang='grc' dir='ltr'>δι</span> <span class='ocrx_word' id='word_1_64' title='bbox 570 1419 677 1481; x_wconf 68' lang='lat' dir='ltr'>cunctis</span> <span class='ocrx_word' id='word_1_65' title='bbox 696 1419 757 1481; x_wconf 75' lang='lat' dir='ltr'>fere</span> <span class='ocrx_word' id='word_1_66' title='bbox 776 1421 848 1483; x_wconf 84' lang='lat' dir='ltr'>locis</span> <span class='ocrx_word' id='word_1_67' title='bbox 864 1418 1033 1503; x_wconf 77' lang='lat' dir='ltr'>praesente,</span> 
     </span>
     <span class='ocr_line' id='line_1_12' title="bbox 283 1524 1034 1612; baseline 0.001 -27"><span class='ocrx_word' id='word_1_68' title='bbox 283 1526 396 1612; x_wconf 83' lang='lat' dir='ltr'>optimo</span> <span class='ocrx_word' id='word_1_69' title='bbox 412 1543 547 1607; x_wconf 87' lang='lat' dir='ltr'>parente,</span> <span class='ocrx_word' id='word_1_70' title='bbox 560 1546 598 1587; x_wconf 89' lang='lat' dir='ltr'>ne</span> <span class='ocrx_word' id='word_1_71' title='bbox 615 1524 684 1608; x_wconf 90' lang='lat' dir='ltr'>quid</span> <span class='ocrx_word' id='word_1_72' title='bbox 699 1525 860 1603; x_wconf 89' lang='lat' dir='ltr'>accideret,</span> <span class='ocrx_word' id='word_1_73' title='bbox 876 1547 935 1607; x_wconf 89' lang='lat' dir='ltr'>quo</span> <span class='ocrx_word' id='word_1_74' title='bbox 952 1545 1034 1606; x_wconf 89' lang='lat' dir='ltr'>pue-</span> 
     </span>
     <span class='ocr_line' id='line_1_13' title="bbox 283 1628 1035 1711; baseline 0.001 -22"><span class='ocrx_word' id='word_1_75' title='bbox 283 1628 343 1690; x_wconf 82' lang='lat' dir='ltr'>rilis</span> <span class='ocrx_word' id='word_1_76' title='bbox 368 1631 457 1691; x_wconf 80' lang='lat' dir='ltr'>aetatis</span> <span class='ocrx_word' id='word_1_77' title='bbox 487 1630 633 1711; x_wconf 83' lang='lat' dir='ltr'>integritas</span> <span class='ocrx_word' id='word_1_78' title='bbox 660 1643 919 1708; x_wconf 85' lang='lat' dir='ltr'>corrumperetur:</span> <span class='ocrx_word' id='word_1_79' title='bbox 943 1630 1035 1710; x_wconf 87' lang='lat' dir='ltr'>quod</span> 
     </span>
     <span class='ocr_line' id='line_1_14' title="bbox 282 1730 1035 1815; baseline 0.003 -22"><span class='ocrx_word' id='word_1_80' title='bbox 282 1732 400 1815; x_wconf 86' lang='lat' dir='ltr'>quidem</span> <span class='ocrx_word' id='word_1_81' title='bbox 416 1732 486 1794; x_wconf 70' lang='lat' dir='ltr'>vere</span> <span class='ocrx_word' id='word_1_82' title='bbox 502 1750 653 1813; x_wconf 88' lang='lat' dir='ltr'>paternum</span> <span class='ocrx_word' id='word_1_83' title='bbox 671 1730 845 1794; x_wconf 85' lang='lat' dir='ltr'>beneficium</span> <span class='ocrx_word' id='word_1_84' title='bbox 859 1734 980 1815; x_wconf 85' lang='lat' dir='ltr'>perenni</span> <span class='ocrx_word' id='word_1_85' title='bbox 996 1734 1035 1795; x_wconf 90' lang='lat'>&amp;</span> 
     </span>
     <span class='ocr_line' id='line_1_15' title="bbox 283 1834 1035 1919; baseline 0.005 -24"><span class='ocrx_word' id='word_1_86' title='bbox 283 1855 371 1899; x_wconf 88' lang='lat' dir='ltr'>aureo</span> <span class='ocrx_word' id='word_1_87' title='bbox 388 1838 458 1919; x_wconf 83' lang='lat' dir='ltr'>grati</span> <span class='ocrx_word' id='word_1_88' title='bbox 473 1838 561 1897; x_wconf 83' lang='lat' dir='ltr'>animi</span> <span class='ocrx_word' id='word_1_89' title='bbox 579 1855 771 1899; x_wconf 87' lang='lat' dir='ltr'>monumento</span> <span class='ocrx_word' id='word_1_90' title='bbox 787 1834 855 1919; x_wconf 86' lang='lat'>(6)</span> <span class='ocrx_word' id='word_1_91' title='bbox 873 1834 948 1897; x_wconf 84' lang='lat' dir='ltr'>filius</span> <span class='ocrx_word' id='word_1_92' title='bbox 963 1856 1035 1899; x_wconf 88' lang='lat' dir='ltr'>me·</span> 
     </span>
     <span class='ocr_line' id='line_1_16' title="bbox 283 1940 676 2023; baseline 0 -21"><span class='ocrx_word' id='word_1_93' title='bbox 283 1960 349 2002; x_wconf 90' lang='lat' dir='ltr'>mor</span> <span class='ocrx_word' id='word_1_94' title='bbox 363 1941 561 2023; x_wconf 83' lang='lat' dir='ltr'>consignatum</span> <span class='ocrx_word' id='word_1_95' title='bbox 572 1940 676 2002; x_wconf 89' lang='lat' dir='ltr'>voluit.</span> 
     </span>
    </p>
   </div>
   <div class='ocr_carea' id='block_1_3' title="bbox 284 2042 1036 2545">
    <p class='ocr_par' dir='ltr' id='par_1_3' title="bbox 284 2042 1036 2545">
     <span class='ocr_line' id='line_1_17' title="bbox 323 2042 1036 2130; baseline 0.006 -25"><span class='ocrx_word' id='word_1_96' title='bbox 323 2042 428 2105; x_wconf 82' lang='lat' dir='ltr'>Rom&#39;ae</span> <span class='ocrx_word' id='word_1_97' title='bbox 446 2046 531 2128; x_wconf 85' lang='lat' dir='ltr'>igitur</span> <span class='ocrx_word' id='word_1_98' title='bbox 547 2046 588 2105; x_wconf 87' lang='lat' dir='ltr'>sic</span> <span class='ocrx_word' id='word_1_99' title='bbox 608 2044 769 2117; x_wconf 88' lang='lat' dir='ltr'>institutus,</span> <span class='ocrx_word' id='word_1_100' title='bbox 789 2043 1036 2130; x_wconf 81' lang='lat' dir='ltr'>humanitatisque</span> 
     </span>
     <span class='ocr_line' id='line_1_18' title="bbox 285 2146 1036 2233; baseline -0.001 -20"><span class='ocrx_word' id='word_1_101' title='bbox 285 2150 318 2213; x_wconf 73' lang='grc' dir='ltr'>δι</span> <span class='ocrx_word' id='word_1_102' title='bbox 342 2147 514 2233; x_wconf 82' lang='lat' dir='ltr'>eloquentiae</span> <span class='ocrx_word' id='word_1_103' title='bbox 538 2146 637 2209; x_wconf 88' lang='lat' dir='ltr'>studiis</span> <span class='ocrx_word' id='word_1_104' title='bbox 662 2148 811 2222; x_wconf 88' lang='lat' dir='ltr'>imbutus,</span> <span class='ocrx_word' id='word_1_105' title='bbox 834 2170 924 2210; x_wconf 83' lang='lat' dir='ltr'>annos</span> <span class='ocrx_word' id='word_1_106' title='bbox 945 2167 1036 2213; x_wconf 80' lang='lat' dir='ltr'>natus</span> 
     </span>
     <span class='ocr_line' id='line_1_19' title="bbox 284 2251 1036 2336; baseline 0.004 -22"><span class='ocrx_word' id='word_1_107' title='bbox 284 2254 396 2317; x_wconf 85' lang='lat' dir='ltr'>circiter</span> <span class='ocrx_word' id='word_1_108' title='bbox 413 2252 634 2336; x_wconf 84' lang='lat' dir='ltr'>duodeviginti,</span> <span class='ocrx_word' id='word_1_109' title='bbox 654 2251 785 2316; x_wconf 84' lang='lat' dir='ltr'>Athenas</span> <span class='ocrx_word' id='word_1_110' title='bbox 802 2251 863 2336; x_wconf 93' lang='lat'>(7)</span> <span class='ocrx_word' id='word_1_111' title='bbox 877 2251 935 2334; x_wconf 84' lang='lat' dir='ltr'>jam</span> <span class='ocrx_word' id='word_1_112' title='bbox 953 2254 1036 2317; x_wconf 86' lang='lat' dir='ltr'>ado·</span> 
     </span>
     <span class='ocr_line' id='line_1_20' title="bbox 285 2356 1033 2440; baseline 0.003 -21"><span class='ocrx_word' id='word_1_113' title='bbox 285 2356 394 2421; x_wconf 86' lang='lat' dir='ltr'>lescens</span> <span class='ocrx_word' id='word_1_114' title='bbox 412 2360 496 2439; x_wconf 86' lang='lat' dir='ltr'>petiit</span> <span class='ocrx_word' id='word_1_115' title='bbox 508 2357 697 2439; x_wconf 80' lang='lat' dir='ltr'>Philosophiae</span> <span class='ocrx_word' id='word_1_116' title='bbox 716 2356 909 2440; x_wconf 80' lang='lat' dir='ltr'>perdiscendae</span> <span class='ocrx_word' id='word_1_117' title='bbox 927 2359 1033 2423; x_wconf 74' lang='lat' dir='ltr'>taust:</span> 
     </span>
     <span class='ocr_line' id='line_1_21' title="bbox 285 2458 1033 2545; baseline 0.007 -24"><span class='ocrx_word' id='word_1_118' title='bbox 285 2461 353 2525; x_wconf 85' lang='lat' dir='ltr'>inde</span> <span class='ocrx_word' id='word_1_119' title='bbox 381 2458 491 2521; x_wconf 86' lang='lat' dir='ltr'>secutus</span> <span class='ocrx_word' id='word_1_120' title='bbox 518 2458 559 2521; x_wconf 92' lang='lat' dir='ltr'>est</span> <span class='ocrx_word' id='word_1_121' title='bbox 590 2459 737 2533; x_wconf 85' lang='lat' dir='ltr'>Brutum,</span> <span class='ocrx_word' id='word_1_122' title='bbox 765 2459 836 2544; x_wconf 90' lang='lat'>(8)</span> <span class='ocrx_word' id='word_1_123' title='bbox 864 2463 936 2544; x_wconf 88' lang='lat' dir='ltr'>qui,</span> <span class='ocrx_word' id='word_1_124' title='bbox 960 2462 1033 2545; x_wconf 84' lang='lat' dir='ltr'>post</span> 
     </span>
    </p>
   </div>
   <div class='ocr_carea' id='block_1_4' title="bbox 322 2661 825 2927">
    <p class='ocr_par' dir='ltr' id='par_1_4' title="bbox 322 2661 825 2927">
     <span class='ocr_line' id='line_1_22' title="bbox 322 2661 573 2735; baseline -0.004 -17"><span class='ocrx_word' id='word_1_125' title='bbox 322 2664 376 2735; x_wconf 77' lang='lat'>(4)</span> <span class='ocrx_word' id='word_1_126' title='bbox 396 2661 421 2715; x_wconf 86' lang='lat' dir='ltr'>S.</span> <span class='ocrx_word' id='word_1_127' title='bbox 442 2662 462 2717; x_wconf 87' lang='lat'>1.</span> <span class='ocrx_word' id='word_1_128' title='bbox 483 2662 507 2717; x_wconf 89' lang='grc'>6.</span> <span class='ocrx_word' id='word_1_129' title='bbox 529 2662 573 2729; x_wconf 80' lang='lat'>76.</span> 
     </span>
     <span class='ocr_line' id='line_1_23' title="bbox 322 2759 825 2831; baseline -0.034 0"><span class='ocrx_word' id='word_1_130' title='bbox 322 2761 376 2831; x_wconf 87' lang='lat'>(5)</span> <span class='ocrx_word' id='word_1_131' title='bbox 396 2759 494 2827; x_wconf 61' lang='lat' dir='ltr'>51²·st</span> <span class='ocrx_word' id='word_1_132' title='bbox 517 2759 825 2829; x_wconf 45' lang='lat' dir='ltr'>1·71··Ep.11,2.41.</span> 
     </span>
     <span class='ocr_line' id='line_1_24' title="bbox 324 2854 633 2927; baseline -0.01 -18"><span class='ocrx_word' id='word_1_133' title='bbox 324 2857 376 2927; x_wconf 87' lang='grc'>(6)</span> <span class='ocrx_word' id='word_1_134' title='bbox 398 2856 424 2908; x_wconf 80' lang='lat' dir='ltr'>S.</span> <span class='ocrx_word' id='word_1_135' title='bbox 447 2872 470 2908; x_wconf 84' lang='lat' dir='ltr'>t·</span> <span class='ocrx_word' id='word_1_136' title='bbox 490 2854 516 2907; x_wconf 88' lang='grc'>6.</span> <span class='ocrx_word' id='word_1_137' title='bbox 536 2854 633 2921; x_wconf 75' lang='grc'><strong>76-84.</strong></span> 
     </span>
    </p>
   </div>
   <div class='ocr_carea' id='block_1_5' title="bbox 323 2952 665 3122">
    <p class='ocr_par' dir='ltr' id='par_1_5' title="bbox 323 2952 665 3122">
     <span class='ocr_line' id='line_1_25' title="bbox 323 2952 604 3023; baseline -0.007 0"><span class='ocrx_word' id='word_1_138' title='bbox 323 2952 374 3023; x_wconf 83' lang='lat'>(7)</span> <span class='ocrx_word' id='word_1_139' title='bbox 393 2952 439 3019; x_wconf 74' lang='lat' dir='ltr'>Et&gt;-</span> <span class='ocrx_word' id='word_1_140' title='bbox 458 2952 494 3004; x_wconf 85' lang='lat'>11·</span> <span class='ocrx_word' id='word_1_141' title='bbox 515 2968 604 3021; x_wconf 83' lang='lat'>2··43·</span> 
     </span>
     <span class='ocr_line' id='line_1_26' title="bbox 324 3046 665 3122; baseline -0.003 -21"><span class='ocrx_word' id='word_1_142' title='bbox 324 3048 376 3122; x_wconf 84' lang='lat'>(8)</span> <span class='ocrx_word' id='word_1_143' title='bbox 397 3047 445 3103; x_wconf 80' lang='lat' dir='ltr'>od.</span> <span class='ocrx_word' id='word_1_144' title='bbox 463 3047 499 3099; x_wconf 91' lang='lat'>11.</span> <span class='ocrx_word' id='word_1_145' title='bbox 517 3064 543 3118; x_wconf 79' lang='lat'>7.</span> <span class='ocrx_word' id='word_1_146' title='bbox 565 3062 574 3101; x_wconf 86' lang='lat' dir='ltr'>t</span> <span class='ocrx_word' id='word_1_147' title='bbox 595 3046 620 3099; x_wconf 88' lang='lat'>&amp;</span> <span class='ocrx_word' id='word_1_148' title='bbox 638 3064 665 3118; x_wconf 75' lang='grc'>9.</span> 
     </span>
    </p>
   </div>
   <div class='ocr_carea' id='block_1_6' title="bbox 0 0 1187 4067">
    <p class='ocr_par' dir='ltr' id='par_1_6' title="bbox 0 0 1187 4067">
     <span class='ocr_line' id='line_1_27' title="bbox 0 0 1187 4067; baseline 0 0"><span class='ocrx_word' id='word_1_149' title='bbox 0 0 1187 4067; x_wconf 95' lang='lat' dir='ltr'> </span> 
     </span>
    </p>
   </div>
  </div>
 </body>
</html>
