2334 4067
255 512 322 614 258
396 517 823 586 urrunnu

194 643 283 710 Quem
292 653 376 706 neque
384 637 914 709 pauperiesmtquemors,nequevineula
924 651 1050 693 terrent:

206 717 238 784 85
251 723 413 790 Responsare
434 723 618 792 cupidinibus,
637 741 807 778 contemnere
824 724 960 779 honores

250 807 353 872 Fortis,
365 810 391 860 δι
407 809 436 862 in
451 809 537 878 seipso
552 821 627 862 totus
642 825 713 863 teres
729 824 809 878 atque
824 811 994 874 rotundus,

249 894 359 946 Externi
378 911 412 946 ne
432 894 495 963 quid
512 897 600 946 valeat
618 912 666 963 per
683 896 747 947 leve
763 893 885 952 morari;

251 977 282 1030 In
300 996 379 1048 quem
398 995 489 1032 manca
507 979 562 1031 ruit
580 979 683 1048 semper
700 980 815 1032 fortuna.
832 976 960 1030 Potesne
1105 950 1107 1057 i

250 1063 291 1114 Ex
297 1063 339 1116 his
348 1079 377 1116 ut
385 1063 522 1132 proprium
532 1063 596 1132 quid
604 1063 712 1116 noscere
719 1067 729 1118 i
737 1062 864 1132 Quinque
870 1065 990 1116 talenta

205 1158 242 1212 9ο
251 1146 339 1200 Poscit
358 1165 385 1201 te
403 1148 517 1213 mulier,
530 1164 631 1213 vexat,
646 1149 799 1218 foribusque
818 1149 964 1218 repulsum

251 1232 387 1286 Perfundit
405 1233 512 1305 getium
529 1235 617 1288 rursus
635 1249 726 1288 vocat.
746 1236 825 1303 Eripe
843 1235 920 1303 turpi

251 1321 329 1372 Colla
344 1319 409 1390 jugo
422 1339 430 1375 t
441 1319 523 1385 liber,
534 1321 601 1374 liber
614 1320 736 1385 sum,dic
748 1337 807 1391 age.
818 1321 882 1372 Non
894 1319 985 1389 quis:

250 1404 335 1474 Urget
346 1405 418 1457 enim
430 1405 554 1458 dominus
567 1420 684 1458 mentem
698 1422 755 1458 non
765 1406 833 1460 lenis
842 1444 850 1469 ,
860 1406 887 1457 δι
898 1423 984 1460 atres

251 1489 384 1556 Subjenat
401 1490 466 1544 lasso
484 1490 624 1553 stimulos,
640 1491 957 1560 versatquenegantem.

204 1589 236 1642 95
250 1577 300 1628 Vel
320 1593 403 1644 quum
422 1574 546 1638 Pausiae&
565 1589 675 1642 torpes,
693 1575 802 1638 insane,
821 1574 936 1639 tabelli,

193 1662 247 1729 Qui
259 1678 352 1730 peccas
362 1662 449 1714 minus
461 1675 538 1729 atque
548 1663 706 1730 ego?quum
713 1660 789 1712 Fulvi
798 1661 968 1730 Rutubaeqne
977 1703 990 1730 ,

250 1747 304 1798 Aut
323 1745 481 1812 Placidejani
500 1760 630 1798 contento
649 1746 753 1815 poplite
771 1746 857 1798 miror

250 1830 366 1893 Proelia,
386 1827 490 1882 rubrici
508 1830 577 1898 pisia
597 1844 642 1884 aut
660 1834 774 1884 carbone
790 1850 799 1892 3
816 1834 891 1884 velut
910 1831 937 1885 si

252 1913 290 1968 Re
308 1914 372 1968 verb
390 1930 527 1986 pugnent,
542 1917 654 1980 feriant,
670 1917 810 1986 vitentque
828 1935 976 1973 moventes

195 2008 242 2050 ton
252 2002 332 2053 Arma
349 2001 411 2054 viri.
430 2004 550 2072 Nequam
571 2005 597 2058 bt
613 2001 723 2055 ceffator
739 2005 833 2056 Davus
847 2022 856 2064 ;
870 2020 898 2057 at
914 2005 976 2074 ipse
993 1997 997 2001 ⁸
1105 2026 1106 2061 l

252 2089 361 2142 Subtilis
379 2103 503 2141 veterum
521 2088 602 2153 judex
620 2088 773 2144 &callidus
793 2090 879 2142 audis.
1105 2088 1106 2101 ¹

251 2175 297 2228 Nil
316 2191 385 2246 ego,
404 2174 427 2227 si
447 2176 528 2226 ducor
545 2173 602 2224 libo
620 2172 760 2226 fumante:
778 2175 828 2226 tibi
847 2175 948 2244 ingens·

251 2259 364 2324 Virtus,
380 2275 459 2327 atque
478 2257 579 2310 animus
599 2261 684 2311 coenis
702 2258 839 2326 responsat
858 2247 974 2329 opimis.

253 2344 418 2412 Obsequium
434 2344 535 2396 ventris
552 2343 621 2396 mihi
637 2344 815 2411 perniciosius
831 2345 877 2398 est.
895 2351 976 2406 Cur?

197 2440 239 2492 105
252 2431 341 2500 Tergo
360 2428 462 2500 pleslor
478 2428 559 2482 enim.
578 2429 633 2494 Qui
650 2444 680 2482 tu
696 2429 875 2498 impunitior,
890 2433 957 2498 illa,

218 2503 221 2508 ¹
254 2517 321 2582 Quae
340 2532 424 2584 parvo
444 2513 511 2568 sumi
530 2529 680 2582 nequeunt,
697 2516 807 2570 obsonia
826 2522 938 2586 captas?

253 2603 356 2671 Nempe
375 2603 566 2656 inamarescunt
584 2603 669 2668 epulae
688 2601 746 2654 sine
764 2601 818 2656 fine
836 2605 943 2672 petitae,

253 2688 382 2757 Illusique
401 2689 482 2756 pedes
500 2687 632 2740 vitiosum
650 2686 718 2740 se'rre
737 2691 857 2744 recusant

254 2772 368 2841 Corpus.
377 2775 418 2825 An
427 2772 473 2828 bie
482 2787 583 2840 peccat,
590 2772 637 2824 sub
646 2773 752 2827 nostem
762 2775 809 2842 qui
818 2795 884 2845 puer
891 2796 974 2834 uvam

199 2859 364 2914 trofurtivn
383 2871 468 2911 mutat
486 2856 579 2926 strigili
598 2859 609 2910 t
628 2857 675 2924 qui
694 2861 790 2927 praedia
808 2864 919 2926 vendit,

255 2947 301 3002 Nil
316 2945 410 2998 servile
424 2945 490 3012 gulae
501 2959 595 3010 parens
605 2943 684 2996 habet
696 2946 706 2998 l
717 2944 804 3010 Adde,
819 2951 891 3016 quod
901 2949 973 3002 idem

255 3035 319 3085 Non
337 3033 430 3084 horam
449 3043 536 3082 tecum
555 3027 607 3080 effe
625 3045 719 3096 potes,
735 3049 792 3083 non
810 3032 866 3086 otia
884 3035 954 3088 reslb

255 3117 358 3174 Ponere
375 3135 385 3180 ς
404 3129 483 3192 teque
502 3114 589 3186 ipsum
606 3111 676 3168 vitas
694 3116 823 3192 fugitivus
842 3119 870 3174 &
887 3137 973 3185 earne
