2334 4067
308 523 379 591 ²74
448 506 877 575 Errsrottrtutr

311 648 1033 725 emmena-„mem

390 801 776 886 Ertsroat
837 795 936 881 VL

462 981 534 1043 AD
562 977 864 1042 NUMJCWM.

303 1124 389 1184 Nzltil
399 1127 527 1185 admirari
532 1169 544 1195 ,
556 1127 630 1185 nihil
640 1144 767 1194 metuere,
777 1123 901 1181 virtutem
908 1112 1033 1194 seslan',

503 1225 612 1304 summa
624 1223 751 1304 felicitas
770 1225 814 1306 est.

302 1397 333 1443 J.
345 1325 406 1441 ru
421 1390 561 1456 admirari,
577 1391 662 1461 prop'e
680 1409 722 1445 res
741 1390 778 1444 est
796 1405 865 1450 utta,
877 1381 1011 1446 Numici,

303 1474 436 1545 Solaque,
451 1495 512 1546 quae
530 1479 617 1547 possit
635 1479 718 1531 facere
739 1477 765 1530 δι
782 1476 887 1527 servare
907 1473 1029 1523 beatum.

302 1558 379 1612 Hunc
397 1562 500 1626 solem,
518 1565 545 1615 &
561 1561 664 1626 stelles,
680 1563 706 1613 δι
722 1558 874 1613 decedentia
894 1556 981 1608 certis

303 1646 437 1714 Tempora
456 1649 621 1710 momentis,
640 1649 700 1699 sunt
719 1645 766 1714 qui
785 1643 932 1698 formidine
954 1638 1030 1692 nulli

276 1729 398 1791 §imbuti
417 1732 542 1798 speeiem.
560 1732 634 1797 Quid
652 1732 741 1784 censes
761 1745 868 1781 munera
889 1728 995 1778 terrae?

301 1815 375 1880 Quid
393 1817 472 1868 matis
488 1833 625 1872 extremos
641 1819 738 1870 Arabas
757 1799 866 1868 ditantis
882 1815 910 1865 ur
923 1812 1029 1864 Indos?

284 1897 411 1959 audiere
429 1901 510 1969 quid,
525 1903 646 1971 plausus,
661 1904 687 1954 &
702 1901 781 1954 amici
797 1903 866 1952 dona
884 1897 1029 1964 Quiritis?

301 1984 366 2049 Quo
384 1984 520 2051 spectanda
537 1990 636 2049 modo,
649 2003 702 2054 quo
719 1985 794 2038 sensu
811 1984 896 2036 credis
913 1986 941 2035 δι
955 1983 1028 2034 ore?

301 2068 357 2135 Qui
375 2067 453 2122 timet
470 2071 512 2122 his
530 2072 652 2132 adversa,
668 2070 724 2123 fer'e
744 2071 854 2122 miratur
872 2071 992 2132 eodem,

254 2165 289 2204 ιο
300 2156 364 2222 Quo
378 2155 502 2223 cupiens,
514 2154 602 2222 pasto.
614 2155 701 2206 Pavor
712 2154 748 2206 est
760 2155 866 2222 utrique
881 2153 1031 2218 molestus,

299 2241 447 2308 Improvisa
466 2241 545 2293 simul
564 2239 664 2308 species
685 2255 802 2292 exterret
819 2255 980 2308 utrumque.

299 2325 468 2388 Gaudeat,au
478 2326 575 2389 doleat,
581 2324 678 2392 cupiat,
685 2339 829 2387 metuatve,
836 2325 900 2392 quid
913 2327 948 2376 ad
959 2341 1030 2389 rem,

298 2408 346 2471 Si,
361 2409 488 2476 quidquid
505 2409 574 2461 vidit
594 2409 688 2461 melius
707 2408 816 2478 peiusve
835 2409 883 2461 sui
903 2410 971 2478 spe,

272 2556 277 2562 x
298 2491 403 2545 Defixis
421 2492 525 2555 oculis,
541 2492 685 2560 animoque
706 2494 731 2545 δι
751 2509 867 2560 corpore
886 2498 1010 2562 torpet?

254 2589 284 2641 ις
297 2577 383 2629 lusani
402 2577 505 2645 sapiens
524 2594 625 2628 nomen
643 2578 730 2641 seret,
747 2594 839 2646 aquus
859 2577 973 2646 iniqui,

298 2665 391 2726 Ultra,
402 2662 481 2731 quim
499 2661 561 2714 satis
579 2660 632 2724 est,
643 2661 770 2714 virtutem
790 2663 814 2714 si
833 2679 909 2729 petat
930 2665 1028 2732 ipsam.

297 2749 308 2797 1
321 2747 580 2817 uuuc‚argentum,&
587 2741 704 2798 marmur
713 2749 951 2816 vetus‚aeraque,&
959 2767 1029 2804 artes

297 2832 425 2899 suspicet
441 2847 502 2882 cum
521 2829 634 2898 gemmis
648 2831 747 2899 Tyrios
767 2832 864 2884 mirare
884 2836 1017 2896 coloten

299 2916 393 2968 Gaude
407 2912 481 2982 quud
496 2913 615 2981 spestant
628 2915 699 2966 oculi
715 2929 741 2966 te
755 2915 830 2968 mille
845 2919 1030 2986 loquentem

251 3010 288 3048 ιο
297 3000 408 3052 Gnaeus
420 2997 498 3052 mau'e
509 2999 612 3062 fotum,
622 2999 647 3048 δι
656 3000 823 3066 vespertinus
835 3019 900 3070 pete
913 3006 1035 3070 testum

297 3088 337 3138 Ne
356 3087 416 3152 plus
434 3083 562 3139 frumeuti
580 3083 710 3136 dotalibus
730 3099 829 3138 emetat
849 3088 926 3158 agris
