2334 4067
255 492 370 587 ,328
492 501 582 572 Dn
636 501 823 575 Auri:

173 674 178 682 ,
236 623 285 678 105
298 619 353 672 Aut
366 620 531 688 dormitabo,
544 639 589 677 aur
606 625 706 679 ridebo.
720 623 814 676 Tristia
830 617 957 673 moestum

297 703 407 756 Vultum
420 709 501 760 verba
513 712 605 762 decent
618 728 626 770 ς
641 711 734 762 irarum
750 712 826 778 plena
840 707 976 758 minarum

298 787 441 842 Ludenrem
456 791 552 845 lasciva
564 812 574 854 ς
587 795 708 848 severum
724 794 789 846 seria
803 791 884 844 dieu.

296 873 405 927 Formae
417 877 489 929 enirn
500 881 598 933 Natura
612 879 683 948 prius
695 897 745 931 nos
757 881 828 930 intus
842 877 873 928 ad
887 888 996 926 ornnem

297 959 470 1014 Fortunarum
482 963 600 1016 habitunt
608 983 616 1024 ;
624 964 757 1031 juvanaur
766 961 881 1030 impellit
894 961 927 1011 a‘d
939 959 1016 1014 irans
1073 965 1075 970 '

235 1053 287 1093 ιω
297 1046 351 1095 Aur
360 1049 393 1098 ad
403 1047 512 1099 humum
524 1065 640 1102 moerore
652 1050 726 1118 gravi
738 1047 856 1109 deducit,
866 1047 894 1097 δι
907 1043 995 1112 angit:

298 1126 357 1180 Post
372 1129 449 1183 effert
465 1131 549 1184 animi
566 1149 655 1186 morus
674 1135 818 1200 interprete
832 1130 938 1199 lingui.

297 1213 452 1269 Si'dicentis
469 1233 546 1270 erunr
561 1219 675 1271 fortunis
693 1219 788 1270 absona
806 1215 895 1280 dista,

297 1296 411 1353 Romani
427 1305 522 1354 tollent
537 1304 640 1370 equites
657 1303 807 1372 peditesque
823 1302 994 1354 cachinnum.

296 1382 418 1437 lnrererit
432 1389 546 1438 multum
559 1387 679 1440 Divusne
693 1390 817 1455 loquatur
832 1401 865 1436 an
881 1387 963 1437 heros
975 1399 985 1441 ς

206 1516 211 1525 .
237 1479 284 1532 ιις
302 1464 457 1523 Maturusne
471 1471 567 1537 senex,
577 1485 611 1524 an
626 1473 708 1525 adhuc
724 1471 837 1524 florente
852 1469 969 1538 juventi

297 1552 440 1614 fervidus3
453 1573 487 1607 an
499 1572 619 1610 marrona
633 1571 745 1627 potens,
755 1573 788 1608 an
802 1555 889 1606 sedula
904 1551 1014 1609 nutrixl

296 1637 464 1692 Mercatorne
481 1657 581 1709 vagus,
596 1645 716 1694 cultorne
731 1641 843 1694 virentis
860 1641 942 1710 agelli
955 1658 964 1698 ;

297 1724 414 1775 Colchus
428 1740 461 1774 an
474 1723 593 1793 Assyrius
604 1764 612 1789 ,
622 1726 721 1778 Thebis
736 1725 849 1777 nutritus
863 1743 898 1777 an
913 1723 998 1792 Argis.

296 1808 349 1858 Aut
359 1808 454 1859 samam
468 1808 592 1877 sequere,
603 1824 647 1862 aut
662 1809 712 1862 sihi
726 1811 916 1862 convenientia
930 1807 1014 1876 finge,

234 1891 604 1959 twscripror.1l0meraeum
619 1895 641 1946 si
657 1894 725 1948 sorte
737 1894 845 1962 reponis
858 1895 1006 1953 Achillem,
1078 1901 1079 1928 l

295 1979 427 2048 Impiger,
447 1979 607 2043 iracundus,
625 1979 816 2043 inexorabilis,
836 1997 915 2046 acer,

294 2064 357 2117 lura
373 2080 450 2133 neget
466 2064 518 2116 sibi
533 2081 593 2116 nata
603 2102 611 2125 ,
623 2064 690 2116 nihil
706 2081 762 2117 non
777 2080 881 2135 arroget
897 2064 990 2118 armis.

297 2149 337 2200 Sit
354 2151 448 2202 Medea
464 2150 542 2202 ferox
558 2144 711 2218 invisitque
724 2189 732 2213 ,
745 2149 840 2204 flebilis
857 2149 926 2217 Ino,

294 2233 412 2287 Perfidus
427 2235 522 2296 Ixion,
535 2236 566 2287 lo
580 2249 664 2303 vaga,
680 2231 758 2287 tristis
776 2233 892 2287 Orestes.

234 2315 284 2377 125
295 2318 324 2370 si
341 2319 405 2386 quid
422 2315 598 2386 inexpertum¹
610 2317 691 2370 scente
709 2319 873 2384 committis,
890 2321 918 2372 &
935 2317 1012 2371 audes

294 2403 436 2456 Personam
451 2403 566 2455 formate
583 2419 700 2467 novam,
716 2406 834 2457 servetur
851 2405 882 2456 ad
900 2406 985 2456 imum

294 2488 390 2554 Qualis
408 2489 439 2541 ab
453 2486 561 2556 incepto
577 2487 746 2557 processerit,
760 2491 785 2542 ’δι
800 2489 849 2542 sibi
864 2491 976 2542 constet.

294 2575 410 2627 Difficile
425 2574 461 2626 est
475 2573 583 2642 proprie
599 2575 749 2626 communia
764 2575 867 2635 dicete;
882 2591 967 2644 tuque

294 2659 402 2711 Rectius
418 2659 526 2711 Iliacum
546 2675 651 2712 carmen
668 2659 771 2712 deducis
790 2660 817 2711 in
834 2659 925 2724 usius,

230 2752 287 2809 13⁰
297 2743 383 2808 Quim
402 2744 424 2795 si
441 2745 571 2812 proferres
589 2744 680 2817 ignota
699 2745 845 2816 indisinque
861 2745 975 2812 primus.

297 2829 404 2883 Publica
421 2829 543 2881 materies
560 2825 658 2897 'privati
677 2825 741 2893 iuris
759 2829 827 2892 erit,
843 2827 865 2880 si

296 2917 353 2968 Nec
370 2898 440 2966 circa'
453 2913 536 2965 vilem
553 2915 723 2981 patulumque
738 2913 885 2965 'moraberis
901 2915 1008 2968 orbeml

297 2998 353 3051 Nec
368 3002 480 3053 verbum
495 3001 579 3050 verbo
598 2998 697 3050 curabis
715 3001 820 3050 reddere
838 2998 904 3050 fidus

297 3085 448 3157 Interpros3
464 3090 513 3139 uec
529 3082 634 3138 desilies
653 3081 772 3137 imitator
788 3084 816 3136 in
834 3085 949 3148 areium,
