2334 4067
232 451 302 526 260
374 463 797 538 surranum

182 581 218 620 ²0
229 577 351 642 ¹Summus
358 585 537 656 ego,&prope
545 576 955 645 meViscusThiirinus,&insr¹a,'

228 662 257 714 si
275 666 403 732 memini,
415 671 512 724 Varius
528 691 535 724 ι
553 689 614 724 cum
632 671 748 724 Servilio
766 670 911 720 Balatrone

228 747 368 815 Vibidius,
383 771 451 822 quos
470 757 601 814 Maecenas
620 759 762 808 adduxerat
780 754 896 806 umbras.

229 836 413 892 Nomentanus
432 855 487 894 erat
505 841 582 909 super
600 841 707 908 ipsam,
726 839 836 892 Porcius
855 835 951 900 infra,

229 917 365 976 Ridiculus
384 939 455 978 toras
473 925 554 980 simul
573 927 710 980 absorbere
727 927 870 992 placentas.

182 1002 214 1056 ²5
229 1007 412 1062 Nomentanus
428 1012 460 1062 ad
476 1012 544 1072 hoc,
556 1011 620 1080 qui,
634 1011 658 1063 si
674 1009 737 1079 quid
751 1007 820 1062 sort'e
834 1010 951 1070 lateret,

228 1092 316 1145 lodice
335 1094 489 1148 monstraret
507 1095 601 1166 digito.
620 1098 690 1149 Nam
708 1108 793 1147 cetera
812 1097 902 1156 turba,

227 1177 285 1228 Nos
294 1214 302 1240 ,
311 1177 419 1248 inquam
427 1219 434 1243 ,
443 1197 578 1233 coenamus
590 1195 669 1243 aves,
679 1179 836 1248 conchylia,
846 1177 954 1246 pisces,

145 1301 148 1305 .
228 1261 320 1332 Longe
339 1264 496 1316 dissimilem
515 1281 583 1317 noto
603 1265 714 1317 celantia
733 1266 863 1323 succum,

229 1347 268 1399 Ut
286 1350 331 1402 vel
351 1348 481 1406 continud
500 1349 603 1418 patuit,
617 1367 700 1419 quum
719 1347 938 1418 pafferis,atque

183 1431 358 1503 301ngustara
376 1435 442 1487 mihi
461 1449 615 1502 porrexerat
634 1434 680 1486 ilia
698 1433 813 1486 rhombi.
833 1432 836 1436 ⁸

231 1517 292 1571 1³0st
309 1519 361 1572 hoc
380 1535 422 1574 me
441 1519 531 1572 docuit
549 1517 682 1570 melimela
701 1519 793 1570 rubere
814 1516 951 1574 minorem

230 1604 272 1656 Ad
289 1607 378 1656 lunam
398 1603 505 1656 delesia.
526 1602 599 1668 Quid
616 1604 669 1656 hoc
686 1602 807 1665 intersit,
821 1605 853 1656 ab
870 1602 931 1670 ipso
965 1619 969 1624 ·

230 1688 353 1742 Audieris
373 1687 477 1740 melius.
497 1687 566 1738 Tum
586 1686 709 1742 Vibidius
727 1687 885 1746 Balatronis

231 1775 305 1837 Nos,
322 1769 518 1834 nitidamnose
537 1770 670 1834 bibimus,
685 1771 830 1824 moriemur
848 1770 950 1826 inultis

185 1853 216 1911 35
231 1857 263 1908 Et
283 1856 377 1910 calices
397 1855 483 1924 poscit
502 1855 627 1922 majores.
643 1859 756 1910 Vertere
775 1859 861 1925 pallor

230 1943 301 1994 Tum
314 1941 425 1994 Parochi
441 1942 550 2002 faciem,
564 1942 602 1993 nil
620 1944 660 1995 sic
675 1943 817 1996 metuentis
833 1957 862 1994 ut
877 1960 951 1996 acres

230 2027 361 2090 Potores,
376 2029 421 2079 vel
442 2024 512 2094 qubd
531 2027 690 2078 maledicunt
707 2027 835 2091 liberius,
851 2032 897 2081 vel

230 2113 341 2167 Fervida
360 2110 431 2182 qudd
449 2110 542 2164 subtile
561 2110 783 2165 exsurdant'vina
800 2116 927 2182 palatum.

231 2201 370 2252 Invertunr
389 2196 536 2265 Alliphanis
555 2195 658 2249 vinaria
676 2211 733 2250 tom

182 2287 220 2338 40
231 2284 353 2338 Vibidius
371 2284 548 2350 Balatroque,
564 2281 681 2350 sequutis
701 2283 824 2338 omnibus
844 2305 851 2338 :
871 2284 921 2338 imi

233 2369 365 2423 Convivae
384 2367 446 2422 lesbi
464 2367 577 2428 nihilum
596 2385 711 2422 nocuere
729 2371 840 2440 lagenis.

231 2453 346 2510 Affertur
365 2451 472 2524 squillas
491 2450 561 2505 inter
578 2468 696 2505 muraena
714 2470 833 2508 natantes

183 2543 214 2594 ln
220 2540 308 2611 patina
316 2539 444 2610 porrecta.
452 2539 504 2592 Sub
511 2537 564 2589 hoc
573 2537 652 2590 herus
661 2557 668 2591 ε
679 2540 743 2591 llaec
754 2541 860 2609 gravida
867 2554 879 2604 ,⁴
886 2540 993 2610 inquit,

234 2629 317 2694 Capta
335 2625 387 2689 est,
404 2623 519 2676 deterior
537 2621 596 2690 post
613 2637 717 2691 parturn
737 2642 815 2678 carne
832 2628 930 2680 sutura.

182 2723 217 2775 45
233 2713 283 2768 His
302 2711 417 2764 mixtum
435 2709 477 2775 jus
496 2707 532 2760 est
551 2711 632 2771 oleo,
647 2711 719 2777 quod
737 2711 822 2777 prima
839 2713 950 2768 Venafri

232 2797 331 2852 Pressit
351 2797 439 2854 cella3
458 2809 523 2863 garo
543 2792 574 2844 de
594 2792 678 2848 succis
697 2795 777 2862 piscis
796 2797 886 2858 lberi;

232 2884 306 2936 Vino
325 2877 510 2951 quinquenni,
526 2875 620 2929 verbm
639 2877 705 2932 citra
724 2896 796 2932 mare
815 2898 898 2946 nato,

232 2971 307 3022 Dum
316 2965 439 3035 coquitur
445 2981 454 3022 3
463 2959 540 3014 costo
550 2959 645 3014 Chium
655 2963 694 3015 sic
704 2967 832 3018 convenit
839 3006 847 3029 ,
854 2983 883 3020 ut
892 2985 949 3029 nou

233 3044 950 3126 Hocmagisullumaliud5piperealbomonsineacetos
