<?xml version="1.0" encoding="UTF-8"?>
<!DOCTYPE html PUBLIC "-//W3C//DTD XHTML 1.0 Transitional//EN"
    "http://www.w3.org/TR/xhtml1/DTD/xhtml1-transitional.dtd">
<html xmlns="http://www.w3.org/1999/xhtml" xml:lang="en" lang="en">
 <head>
  <title>
</title>
<meta http-equiv="Content-Type" content="text/html;charset=utf-8" />
  <meta name='ocr-system' content='tesseract 3.04.00' />
  <meta name='ocr-capabilities' content='ocr_page ocr_carea ocr_par ocr_line ocrx_word'/>
</head>
<body>
  <div class='ocr_page' id='page_1' title='image "./quintihoratiifl03horagoog_0016.png"; bbox 0 0 2334 4067; ppageno 0'>
   <div class='ocr_carea' id='block_1_1' title="bbox 253 454 805 547">
    <p class='ocr_par' dir='ltr' id='par_1_1' title="bbox 253 454 805 547">
     <span class='ocr_line' id='line_1_1' title="bbox 253 454 805 547; baseline -0.002 -2"><span class='ocrx_word' id='word_1_1' title='bbox 253 470 276 545; x_wconf 78' lang='lat' dir='ltr'><strong>r</strong></span> <span class='ocrx_word' id='word_1_2' title='bbox 446 454 805 547; x_wconf 66' lang='lat' dir='ltr'><strong>ndnurrr</strong></span> 
     </span>
    </p>
   </div>
   <div class='ocr_carea' id='block_1_2' title="bbox 190 611 1081 2579">
    <p class='ocr_par' dir='ltr' id='par_1_2' title="bbox 190 611 1081 2579">
     <span class='ocr_line' id='line_1_2' title="bbox 251 611 1003 703; baseline -0.004 -23"><span class='ocrx_word' id='word_1_3' title='bbox 251 619 383 681; x_wconf 82' lang='lat' dir='ltr'><strong>contulit.</strong></span> <span class='ocrx_word' id='word_1_4' title='bbox 406 618 471 681; x_wconf 80' lang='lat' dir='ltr'><strong>Hos</strong></span> <span class='ocrx_word' id='word_1_5' title='bbox 495 616 618 681; x_wconf 73' lang='lat' dir='ltr'><strong>mirificb</strong></span> <span class='ocrx_word' id='word_1_6' title='bbox 643 614 869 703; x_wconf 70' lang='lat' dir='ltr'><strong>comprobarunt</strong></span> <span class='ocrx_word' id='word_1_7' title='bbox 890 611 1003 678; x_wconf 76' lang='lat' dir='ltr'><strong>Varius</strong></span> 
     </span>
     <span class='ocr_line' id='line_1_3' title="bbox 190 721 1081 807; baseline -0.004 -20"><span class='ocrx_word' id='word_1_8' title='bbox 190 758 193 767; x_wconf 89' lang='lat'><em>·</em></span> <span class='ocrx_word' id='word_1_9' title='bbox 253 724 287 787; x_wconf 65' lang='grc' dir='ltr'><strong>ὃ(</strong></span> <span class='ocrx_word' id='word_1_10' title='bbox 309 722 469 807; x_wconf 77' lang='lat' dir='ltr'><strong>Virgilius,</strong></span> <span class='ocrx_word' id='word_1_11' title='bbox 493 722 648 786; x_wconf 71' lang='lat' dir='ltr'><strong>Poitarunr</strong></span> <span class='ocrx_word' id='word_1_12' title='bbox 671 724 702 783; x_wconf 89' lang='lat' dir='ltr'><strong>iu</strong></span> <span class='ocrx_word' id='word_1_13' title='bbox 727 721 810 783; x_wconf 83' lang='lat' dir='ltr'>Urbe</span> <span class='ocrx_word' id='word_1_14' title='bbox 833 738 894 783; x_wconf 88' lang='lat' dir='ltr'><strong>turn</strong></span> <span class='ocrx_word' id='word_1_15' title='bbox 919 722 1002 803; x_wconf 81' lang='lat' dir='ltr'><strong>prin·</strong></span> <span class='ocrx_word' id='word_1_16' title='bbox 1080 747 1081 752; x_wconf 47' lang='lat'>¹</span> 
     </span>
     <span class='ocr_line' id='line_1_4' title="bbox 252 824 1002 911; baseline -0.004 -23"><span class='ocrx_word' id='word_1_17' title='bbox 252 828 333 911; x_wconf 81' lang='lat' dir='ltr'><strong>cipes</strong></span> <span class='ocrx_word' id='word_1_18' title='bbox 346 850 356 903; x_wconf 84' lang='lat'><em>3</em></span> <span class='ocrx_word' id='word_1_19' title='bbox 376 844 460 911; x_wconf 87' lang='lat' dir='ltr'><strong>atque</strong></span> <span class='ocrx_word' id='word_1_20' title='bbox 475 830 514 889; x_wconf 87' lang='lat' dir='ltr'><strong>ira</strong></span> <span class='ocrx_word' id='word_1_21' title='bbox 530 827 679 889; x_wconf 77' lang='lat' dir='ltr'>laudarunt</span> <span class='ocrx_word' id='word_1_22' title='bbox 691 826 769 909; x_wconf 85' lang='lat' dir='ltr'><strong>apud</strong></span> <span class='ocrx_word' id='word_1_23' title='bbox 781 824 976 887; x_wconf 83' lang='lat' dir='ltr'><strong>Maeccnatem</strong></span> <span class='ocrx_word' id='word_1_24' title='bbox 989 868 1002 901; x_wconf 89' lang='lat'><strong>,</strong></span> 
     </span>
     <span class='ocr_line' id='line_1_5' title="bbox 254 930 1002 1014; baseline -0.005 -21"><span class='ocrx_word' id='word_1_25' title='bbox 254 933 349 993; x_wconf 87' lang='lat' dir='ltr'><strong>virum</strong></span> <span class='ocrx_word' id='word_1_26' title='bbox 368 934 396 991; x_wconf 89' lang='lat' dir='ltr'><strong>in</strong></span> <span class='ocrx_word' id='word_1_27' title='bbox 413 934 512 1014; x_wconf 86' lang='lat' dir='ltr'><strong>primis</strong></span> <span class='ocrx_word' id='word_1_28' title='bbox 528 932 680 1005; x_wconf 85' lang='lat' dir='ltr'><strong>nobilem,</strong></span> <span class='ocrx_word' id='word_1_29' title='bbox 701 934 733 994; x_wconf 78' lang='grc' dir='ltr'><strong>δι</strong></span> <span class='ocrx_word' id='word_1_30' title='bbox 749 930 926 993; x_wconf 86' lang='lat' dir='ltr'><strong>eruditorum</strong></span> <span class='ocrx_word' id='word_1_31' title='bbox 946 950 1002 1011; x_wconf 83' lang='lat' dir='ltr'><strong>pa·</strong></span> 
     </span>
     <span class='ocr_line' id='line_1_6' title="bbox 253 1034 1005 1118; baseline 0 -22"><span class='ocrx_word' id='word_1_32' title='bbox 253 1050 370 1097; x_wconf 85' lang='lat' dir='ltr'><strong>tronum</strong></span> <span class='ocrx_word' id='word_1_33' title='bbox 384 1082 392 1110; x_wconf 93' lang='lat'>,</span> <span class='ocrx_word' id='word_1_34' title='bbox 404 1038 468 1097; x_wconf 84' lang='lat' dir='ltr'><strong>uris</strong></span> <span class='ocrx_word' id='word_1_35' title='bbox 479 1038 550 1097; x_wconf 84' lang='lat' dir='ltr'><strong>novi</strong></span> <span class='ocrx_word' id='word_1_36' title='bbox 561 1082 572 1109; x_wconf 91' lang='lat'><strong>,</strong></span> <span class='ocrx_word' id='word_1_37' title='bbox 584 1056 638 1098; x_wconf 89' lang='lat' dir='ltr'><strong>nec</strong></span> <span class='ocrx_word' id='word_1_38' title='bbox 649 1036 742 1096; x_wconf 85' lang='lat' dir='ltr'><strong>adbuc</strong></span> <span class='ocrx_word' id='word_1_39' title='bbox 752 1034 857 1095; x_wconf 83' lang='lat' dir='ltr'><strong>Latinis</strong></span> <span class='ocrx_word' id='word_1_40' title='bbox 869 1036 1005 1118; x_wconf 84' lang='lat' dir='ltr'><strong>cogniti,</strong></span> 
     </span>
     <span class='ocr_line' id='line_1_7' title="bbox 255 1129 1003 1223; baseline -0.003 -22"><span class='ocrx_word' id='word_1_41' title='bbox 255 1140 401 1202; x_wconf 75' lang='lat' dir='ltr'><strong>audiorem</strong></span> <span class='ocrx_word' id='word_1_42' title='bbox 419 1129 549 1202; x_wconf 84' lang='lat' dir='ltr'><strong>carminis</strong></span> <span class='ocrx_word' id='word_1_43' title='bbox 565 1141 667 1202; x_wconf 86' lang='lat' dir='ltr'><strong>videre</strong></span> <span class='ocrx_word' id='word_1_44' title='bbox 684 1142 716 1201; x_wconf 76' lang='lat' dir='ltr'><strong>dc</strong></span> <span class='ocrx_word' id='word_1_45' title='bbox 734 1141 841 1223; x_wconf 82' lang='lat' dir='ltr'><strong>alioqui</strong></span> <span class='ocrx_word' id='word_1_46' title='bbox 857 1158 1003 1221; x_wconf 82' lang='lat' dir='ltr'><strong>percupe-</strong></span> 
     </span>
     <span class='ocr_line' id='line_1_8' title="bbox 255 1241 1004 1327; baseline 0 -22"><span class='ocrx_word' id='word_1_47' title='bbox 255 1264 307 1307; x_wconf 86' lang='lat' dir='ltr'><strong>ret.</strong></span> <span class='ocrx_word' id='word_1_48' title='bbox 326 1244 517 1327; x_wconf 83' lang='lat' dir='ltr'><strong>Interrogavit</strong></span> <span class='ocrx_word' id='word_1_49' title='bbox 533 1243 582 1305; x_wconf 88' lang='lat' dir='ltr'><strong>ilie</strong></span> <span class='ocrx_word' id='word_1_50' title='bbox 596 1288 605 1319; x_wconf 95' lang='lat'>,</span> <span class='ocrx_word' id='word_1_51' title='bbox 620 1264 701 1304; x_wconf 87' lang='lat' dir='ltr'><strong>more</strong></span> <span class='ocrx_word' id='word_1_52' title='bbox 720 1242 794 1317; x_wconf 91' lang='lat' dir='ltr'><strong>suo,</strong></span> <span class='ocrx_word' id='word_1_53' title='bbox 815 1245 912 1325; x_wconf 85' lang='lat' dir='ltr'><strong>paucis</strong></span> <span class='ocrx_word' id='word_1_54' title='bbox 931 1241 1004 1305; x_wconf 84' lang='lat' dir='ltr'><strong>Ho-</strong></span> 
     </span>
     <span class='ocr_line' id='line_1_9' title="bbox 254 1346 1002 1431; baseline -0.001 -21"><span class='ocrx_word' id='word_1_55' title='bbox 254 1352 379 1423; x_wconf 83' lang='lat' dir='ltr'><strong>ratium,</strong></span> <span class='ocrx_word' id='word_1_56' title='bbox 394 1346 472 1429; x_wconf 77' lang='lat' dir='ltr'><strong>eujas</strong></span> <span class='ocrx_word' id='word_1_57' title='bbox 489 1346 576 1408; x_wconf 78' lang='lat' dir='ltr'><strong>effer?</strong></span> <span class='ocrx_word' id='word_1_58' title='bbox 596 1368 655 1430; x_wconf 88' lang='lat' dir='ltr'><strong>quo</strong></span> <span class='ocrx_word' id='word_1_59' title='bbox 670 1364 752 1408; x_wconf 83' lang='lat' dir='ltr'><strong>natus</strong></span> <span class='ocrx_word' id='word_1_60' title='bbox 767 1346 868 1431; x_wconf 83' lang='lat' dir='ltr'><strong>patre?</strong></span> <span class='ocrx_word' id='word_1_61' title='bbox 884 1348 1002 1431; x_wconf 85' lang='lat' dir='ltr'><strong>aliaque</strong></span> 
     </span>
     <span class='ocr_line' id='line_1_10' title="bbox 256 1453 1003 1537; baseline -0.001 -22"><span class='ocrx_word' id='word_1_62' title='bbox 256 1454 285 1515; x_wconf 90' lang='lat' dir='ltr'><strong>id</strong></span> <span class='ocrx_word' id='word_1_63' title='bbox 304 1474 393 1537; x_wconf 84' lang='lat' dir='ltr'><strong>genus</strong></span> <span class='ocrx_word' id='word_1_64' title='bbox 407 1475 417 1528; x_wconf 90' lang='lat'>;</span> <span class='ocrx_word' id='word_1_65' title='bbox 432 1474 495 1535; x_wconf 88' lang='lat' dir='ltr'><strong>quae</strong></span> <span class='ocrx_word' id='word_1_66' title='bbox 514 1453 634 1528; x_wconf 88' lang='lat' dir='ltr'><strong>omnia,</strong></span> <span class='ocrx_word' id='word_1_67' title='bbox 651 1453 690 1513; x_wconf 87' lang='lat' dir='ltr'><strong>ita</strong></span> <span class='ocrx_word' id='word_1_68' title='bbox 710 1470 742 1513; x_wconf 90' lang='lat' dir='ltr'><strong>ut</strong></span> <span class='ocrx_word' id='word_1_69' title='bbox 758 1468 858 1529; x_wconf 84' lang='lat' dir='ltr'><strong>erant,</strong></span> <span class='ocrx_word' id='word_1_70' title='bbox 874 1454 1003 1536; x_wconf 57' lang='lat' dir='ltr'><strong>ingenui</strong></span> 
     </span>
     <span class='ocr_line' id='line_1_11' title="bbox 255 1554 1002 1641; baseline -0.005 -20"><span class='ocrx_word' id='word_1_71' title='bbox 255 1557 418 1632; x_wconf 80' lang='lat' dir='ltr'><strong>confessus,</strong></span> <span class='ocrx_word' id='word_1_72' title='bbox 435 1558 541 1641; x_wconf 87' lang='lat' dir='ltr'><strong>placuit</strong></span> <span class='ocrx_word' id='word_1_73' title='bbox 555 1556 695 1639; x_wconf 87' lang='lat' dir='ltr'><strong>quidem,</strong></span> <span class='ocrx_word' id='word_1_74' title='bbox 709 1554 757 1616; x_wconf 89' lang='lat' dir='ltr'><strong>sed</strong></span> <span class='ocrx_word' id='word_1_75' title='bbox 773 1576 834 1617; x_wconf 91' lang='lat' dir='ltr'><strong>non</strong></span> <span class='ocrx_word' id='word_1_76' title='bbox 848 1558 903 1616; x_wconf 87' lang='lat' dir='ltr'><strong>uisi</strong></span> <span class='ocrx_word' id='word_1_77' title='bbox 917 1577 1002 1617; x_wconf 86' lang='lat' dir='ltr'><strong>nouo</strong></span> 
     </span>
     <span class='ocr_line' id='line_1_12' title="bbox 256 1658 1002 1745; baseline 0 -22"><span class='ocrx_word' id='word_1_78' title='bbox 256 1662 322 1745; x_wconf 89' lang='lat' dir='ltr'><strong>poii</strong></span> <span class='ocrx_word' id='word_1_79' title='bbox 342 1662 439 1723; x_wconf 87' lang='lat' dir='ltr'><strong>meuse</strong></span> <span class='ocrx_word' id='word_1_80' title='bbox 457 1662 547 1723; x_wconf 71' lang='lat' dir='ltr'><strong>Podta</strong></span> <span class='ocrx_word' id='word_1_81' title='bbox 568 1658 660 1721; x_wconf 82' lang='lat' dir='ltr'><strong>rursus</strong></span> <span class='ocrx_word' id='word_1_82' title='bbox 676 1662 825 1722; x_wconf 78' lang='lat' dir='ltr'><strong>arcessitus</strong></span> <span class='ocrx_word' id='word_1_83' title='bbox 844 1663 873 1719; x_wconf 87' lang='lat' dir='ltr'><strong>in</strong></span> <span class='ocrx_word' id='word_1_84' title='bbox 891 1662 1002 1723; x_wconf 86' lang='lat' dir='ltr'><strong>aurico-</strong></span> 
     </span>
     <span class='ocr_line' id='line_1_13' title="bbox 243 1748 1061 1846; baseline -0.002 -20"><span class='ocrx_word' id='word_1_85' title='bbox 243 1748 320 1826; x_wconf 28' lang='lat' dir='ltr'><strong>&#39;rum</strong></span> <span class='ocrx_word' id='word_1_86' title='bbox 339 1764 506 1825; x_wconf 74' lang='lat' dir='ltr'><strong>Maecenatis</strong></span> <span class='ocrx_word' id='word_1_87' title='bbox 526 1783 648 1825; x_wconf 85' lang='lat' dir='ltr'><strong>numero</strong></span> <span class='ocrx_word' id='word_1_88' title='bbox 666 1761 722 1825; x_wconf 79' lang='lat' dir='ltr'><strong>elie</strong></span> <span class='ocrx_word' id='word_1_89' title='bbox 740 1761 827 1844; x_wconf 81' lang='lat' dir='ltr'><strong>juiius</strong></span> <span class='ocrx_word' id='word_1_90' title='bbox 846 1762 889 1825; x_wconf 85' lang='lat' dir='ltr'><strong>est</strong></span> <span class='ocrx_word' id='word_1_91' title='bbox 905 1762 1002 1846; x_wconf 85' lang='lat'>(14).</span> <span class='ocrx_word' id='word_1_92' title='bbox 1058 1758 1061 1762; x_wconf 67' lang='grc'>’</span> 
     </span>
     <span class='ocr_line' id='line_1_14' title="bbox 256 1864 1002 1950; baseline -0.001 -22"><span class='ocrx_word' id='word_1_93' title='bbox 256 1866 304 1929; x_wconf 87' lang='lat' dir='ltr'><strong>Sic</strong></span> <span class='ocrx_word' id='word_1_94' title='bbox 326 1867 416 1929; x_wconf 86' lang='lat' dir='ltr'><strong>Vates</strong></span> <span class='ocrx_word' id='word_1_95' title='bbox 438 1864 556 1939; x_wconf 86' lang='lat' dir='ltr'><strong>noster,</strong></span> <span class='ocrx_word' id='word_1_96' title='bbox 578 1864 721 1948; x_wconf 85' lang='lat' dir='ltr'><strong>sequestro</strong></span> <span class='ocrx_word' id='word_1_97' title='bbox 745 1868 889 1950; x_wconf 84' lang='lat' dir='ltr'><strong>ingenio,</strong></span> <span class='ocrx_word' id='word_1_98' title='bbox 911 1865 1002 1927; x_wconf 64' lang='lat' dir='ltr'><strong>Musa</strong></span> 
     </span>
     <span class='ocr_line' id='line_1_15' title="bbox 238 1968 1002 2057; baseline -0.004 -24"><span class='ocrx_word' id='word_1_99' title='bbox 238 1972 470 2057; x_wconf 51' lang='lat' dir='ltr'><strong>Nconciliatrice,</strong></span> <span class='ocrx_word' id='word_1_100' title='bbox 488 1972 518 2031; x_wconf 91' lang='lat' dir='ltr'><strong>in</strong></span> <span class='ocrx_word' id='word_1_101' title='bbox 533 1968 702 2031; x_wconf 68' lang='lat' dir='ltr'><strong>Maecenatis</strong></span> <span class='ocrx_word' id='word_1_102' title='bbox 719 1972 866 2051; x_wconf 78' lang='lat' dir='ltr'><strong>primunr,</strong></span> <span class='ocrx_word' id='word_1_103' title='bbox 886 1993 919 2032; x_wconf 89' lang='lat' dir='ltr'><strong>ac</strong></span> <span class='ocrx_word' id='word_1_104' title='bbox 936 1969 1002 2031; x_wconf 90' lang='lat' dir='ltr'><strong>sub-</strong></span> 
     </span>
     <span class='ocr_line' id='line_1_16' title="bbox 256 2072 1002 2158; baseline -0.001 -20"><span class='ocrx_word' id='word_1_105' title='bbox 256 2076 325 2138; x_wconf 85' lang='lat' dir='ltr'><strong>inde</strong></span> <span class='ocrx_word' id='word_1_106' title='bbox 341 2074 456 2138; x_wconf 70' lang='lat' dir='ltr'><strong>ociavit</strong></span> <span class='ocrx_word' id='word_1_107' title='bbox 471 2072 610 2150; x_wconf 80' lang='lat' dir='ltr'><strong>Caesaris,</strong></span> <span class='ocrx_word' id='word_1_108' title='bbox 629 2077 676 2135; x_wconf 90' lang='lat' dir='ltr'><strong>cui</strong></span> <span class='ocrx_word' id='word_1_109' title='bbox 693 2074 793 2157; x_wconf 80' lang='lat' dir='ltr'><strong>postea</strong></span> <span class='ocrx_word' id='word_1_110' title='bbox 810 2073 933 2158; x_wconf 78' lang='lat' dir='ltr'><strong>Augusti</strong></span> <span class='ocrx_word' id='word_1_111' title='bbox 949 2096 1002 2137; x_wconf 85' lang='lat' dir='ltr'><strong>co·</strong></span> 
     </span>
     <span class='ocr_line' id='line_1_17' title="bbox 256 2177 1001 2265; baseline -0.005 -22"><span class='ocrx_word' id='word_1_112' title='bbox 256 2201 384 2265; x_wconf 85' lang='lat' dir='ltr'>gnomen</span> <span class='ocrx_word' id='word_1_113' title='bbox 400 2178 453 2241; x_wconf 80' lang='lat' dir='ltr'><strong>fuit</strong></span> <span class='ocrx_word' id='word_1_114' title='bbox 469 2180 615 2255; x_wconf 87' lang='lat' dir='ltr'><strong>inditum,</strong></span> <span class='ocrx_word' id='word_1_115' title='bbox 633 2181 750 2262; x_wconf 84' lang='lat' dir='ltr'><strong>gratiam</strong></span> <span class='ocrx_word' id='word_1_116' title='bbox 769 2178 924 2253; x_wconf 84' lang='lat' dir='ltr'><strong>admissus,</strong></span> <span class='ocrx_word' id='word_1_117' title='bbox 940 2177 1001 2239; x_wconf 81' lang='lat' dir='ltr'><strong>vil·</strong></span> 
     </span>
     <span class='ocr_line' id='line_1_18' title="bbox 256 2282 1001 2367; baseline -0.003 -20"><span class='ocrx_word' id='word_1_118' title='bbox 256 2287 314 2348; x_wconf 87' lang='lat' dir='ltr'><strong>lam</strong></span> <span class='ocrx_word' id='word_1_119' title='bbox 330 2288 360 2345; x_wconf 91' lang='lat' dir='ltr'><strong>in</strong></span> <span class='ocrx_word' id='word_1_120' title='bbox 374 2282 486 2345; x_wconf 85' lang='lat' dir='ltr'><strong>Sabinis</strong></span> <span class='ocrx_word' id='word_1_121' title='bbox 505 2284 584 2345; x_wconf 87' lang='lat' dir='ltr'><strong>dono</strong></span> <span class='ocrx_word' id='word_1_122' title='bbox 602 2284 698 2345; x_wconf 86' lang='lat' dir='ltr'><strong>datam</strong></span> <span class='ocrx_word' id='word_1_123' title='bbox 714 2286 845 2367; x_wconf 88' lang='lat' dir='ltr'><strong>accepit,</strong></span> <span class='ocrx_word' id='word_1_124' title='bbox 862 2282 943 2366; x_wconf 75' lang='lat' dir='ltr'><strong>cujus</strong></span> <span class='ocrx_word' id='word_1_125' title='bbox 958 2284 1001 2345; x_wconf 81' lang='lat' dir='ltr'><strong>si·</strong></span> 
     </span>
     <span class='ocr_line' id='line_1_19' title="bbox 256 2386 1000 2479; baseline 0.001 -29"><span class='ocrx_word' id='word_1_126' title='bbox 256 2406 341 2462; x_wconf 89' lang='lat' dir='ltr'><strong>turn,</strong></span> <span class='ocrx_word' id='word_1_127' title='bbox 357 2386 482 2449; x_wconf 86' lang='lat' dir='ltr'><strong>formam</strong></span> <span class='ocrx_word' id='word_1_128' title='bbox 499 2388 531 2453; x_wconf 74' lang='grc' dir='ltr'><strong>δι</strong></span> <span class='ocrx_word' id='word_1_129' title='bbox 547 2389 725 2462; x_wconf 85' lang='lat' dir='ltr'><strong>commoda,</strong></span> <span class='ocrx_word' id='word_1_130' title='bbox 742 2410 832 2472; x_wconf 87' lang='lat' dir='ltr'><strong>quum</strong></span> <span class='ocrx_word' id='word_1_131' title='bbox 848 2390 909 2454; x_wconf 82' lang='lat' dir='ltr'><strong>aliis</strong></span> <span class='ocrx_word' id='word_1_132' title='bbox 925 2390 1000 2479; x_wconf 75' lang='lat' dir='ltr'><strong>lucis</strong></span> 
     </span>
     <span class='ocr_line' id='line_1_20' title="bbox 256 2492 999 2579; baseline 0.001 -22"><span class='ocrx_word' id='word_1_133' title='bbox 256 2496 332 2557; x_wconf 87' lang='lat' dir='ltr'><strong>bene</strong></span> <span class='ocrx_word' id='word_1_134' title='bbox 347 2492 462 2565; x_wconf 80' lang='lat' dir='ltr'><strong>multis,</strong></span> <span class='ocrx_word' id='word_1_135' title='bbox 476 2508 539 2555; x_wconf 88' lang='lat' dir='ltr'><strong>tum</strong></span> <span class='ocrx_word' id='word_1_136' title='bbox 554 2492 675 2577; x_wconf 63' lang='lat' dir='ltr'><strong>epistola</strong></span> <span class='ocrx_word' id='word_1_137' title='bbox 688 2494 735 2559; x_wconf 86' lang='lat'><strong>16.</strong></span> <span class='ocrx_word' id='word_1_138' title='bbox 749 2493 813 2556; x_wconf 91' lang='lat' dir='ltr'><strong>Lib.</strong></span> <span class='ocrx_word' id='word_1_139' title='bbox 827 2514 849 2557; x_wconf 81' lang='lat' dir='ltr'><strong>r.</strong></span> <span class='ocrx_word' id='word_1_140' title='bbox 863 2494 999 2579; x_wconf 72' lang='lat' dir='ltr'><strong>graphicd</strong></span> 
     </span>
    </p>
   </div>
   <div class='ocr_carea' id='block_1_3' title="bbox 127 2598 400 2661">
    <p class='ocr_par' dir='ltr' id='par_1_3' title="bbox 127 2598 400 2661">
     <span class='ocr_line' id='line_1_21' title="bbox 127 2598 400 2661; baseline 0.004 -3"><span class='ocrx_word' id='word_1_141' title='bbox 127 2649 132 2658; x_wconf 95' lang='lat'>.</span> <span class='ocrx_word' id='word_1_142' title='bbox 256 2598 400 2661; x_wconf 85' lang='lat' dir='ltr'><strong>describit.</strong></span> 
     </span>
    </p>
   </div>
   <div class='ocr_carea' id='block_1_4' title="bbox 256 2699 1001 2999">
    <p class='ocr_par' dir='ltr' id='par_1_4' title="bbox 256 2699 1001 2999">
     <span class='ocr_line' id='line_1_22' title="bbox 299 2699 1001 2787; baseline 0.006 -24"><span class='ocrx_word' id='word_1_143' title='bbox 299 2702 356 2763; x_wconf 88' lang='lat' dir='ltr'><strong>Hir:</strong></span> <span class='ocrx_word' id='word_1_144' title='bbox 367 2700 456 2784; x_wconf 86' lang='lat' dir='ltr'><strong>porrb</strong></span> <span class='ocrx_word' id='word_1_145' title='bbox 467 2699 571 2762; x_wconf 84' lang='lat' dir='ltr'><strong>fundus</strong></span> <span class='ocrx_word' id='word_1_146' title='bbox 585 2704 698 2785; x_wconf 77' lang='lat' dir='ltr'><strong>Ustica,</strong></span> <span class='ocrx_word' id='word_1_147' title='bbox 711 2702 831 2784; x_wconf 87' lang='lat' dir='ltr'><strong>perinde</strong></span> <span class='ocrx_word' id='word_1_148' title='bbox 842 2718 928 2786; x_wconf 88' lang='lat' dir='ltr'><strong>atque</strong></span> <span class='ocrx_word' id='word_1_149' title='bbox 938 2702 1001 2787; x_wconf 82' lang='lat' dir='ltr'><strong>ipsa</strong></span> 
     </span>
     <span class='ocr_line' id='line_1_23' title="bbox 258 2806 1000 2888; baseline 0.001 -21"><span class='ocrx_word' id='word_1_150' title='bbox 258 2809 350 2881; x_wconf 85' lang='lat' dir='ltr'><strong>vilia,</strong></span> <span class='ocrx_word' id='word_1_151' title='bbox 369 2808 552 2879; x_wconf 87' lang='lat' dir='ltr'><strong>nominatus,</strong></span> <span class='ocrx_word' id='word_1_152' title='bbox 572 2807 740 2875; x_wconf 79' lang='lat' dir='ltr'><strong>excurrebat</strong></span> <span class='ocrx_word' id='word_1_153' title='bbox 755 2828 808 2888; x_wconf 89' lang='lat' dir='ltr'><strong>per</strong></span> <span class='ocrx_word' id='word_1_154' title='bbox 822 2806 932 2870; x_wconf 81' lang='lat' dir='ltr'><strong>clivum</strong></span> <span class='ocrx_word' id='word_1_155' title='bbox 948 2828 1000 2869; x_wconf 87' lang='lat' dir='ltr'><strong>co·</strong></span> 
     </span>
     <span class='ocr_line' id='line_1_24' title="bbox 256 2909 999 2999; baseline -0.003 -22"><span class='ocrx_word' id='word_1_156' title='bbox 256 2914 440 2999; x_wconf 66' lang='lat' dir='ltr'><strong>gronium,</strong></span> <span class='ocrx_word' id='word_1_157' title='bbox 451 2910 644 2997; x_wconf 84' lang='lat' dir='ltr'><strong>eumdemque</strong></span> <span class='ocrx_word' id='word_1_158' title='bbox 655 2932 744 2977; x_wconf 75' lang='lat' dir='ltr'><strong>unum</strong></span> <span class='ocrx_word' id='word_1_159' title='bbox 755 2932 771 2975; x_wconf 87' lang='lat' dir='ltr'><strong>e</strong></span> <span class='ocrx_word' id='word_1_160' title='bbox 781 2912 929 2978; x_wconf 80' lang='lat' dir='ltr'><strong>Lucretilis</strong></span> <span class='ocrx_word' id='word_1_161' title='bbox 938 2909 999 2999; x_wconf 79' lang='lat' dir='ltr'><strong>jugi</strong></span> 
     </span>
    </p>
   </div>
   <div class='ocr_carea' id='block_1_5' title="bbox 292 3090 558 3165">
    <p class='ocr_par' dir='ltr' id='par_1_5' title="bbox 292 3090 558 3165">
     <span class='ocr_line' id='line_1_25' title="bbox 292 3090 558 3165; baseline -0.023 -16"><span class='ocrx_word' id='word_1_162' title='bbox 292 3091 447 3165; x_wconf 76' lang='lat' dir='ltr'>(14)s.1.</span> <span class='ocrx_word' id='word_1_163' title='bbox 467 3092 493 3144; x_wconf 78' lang='lat'><strong>⁶.</strong></span> <span class='ocrx_word' id='word_1_164' title='bbox 513 3090 558 3147; x_wconf 69' lang='grc' dir='ltr'><strong>ει.</strong></span> 
     </span>
    </p>
   </div>
   <div class='ocr_carea' id='block_1_6' title="bbox 0 0 1175 4067">
    <p class='ocr_par' dir='ltr' id='par_1_6' title="bbox 0 0 1175 4067">
     <span class='ocr_line' id='line_1_26' title="bbox 0 0 1175 4067; baseline 0 0"><span class='ocrx_word' id='word_1_165' title='bbox 0 0 1175 4067; x_wconf 95' lang='lat' dir='ltr'><strong> </strong></span> 
     </span>
    </p>
   </div>
  </div>
 </body>
</html>
