2334 4067
280 550 348 627 &4
488 533 783 601 Epopon

276 653 422 712 Feremus3
441 652 467 706 δι
483 667 510 707 te
527 656 572 707 vel
591 671 640 723 per
656 653 765 723 Alpium
782 651 865 723 jugat,¹

349 738 537 807 inhospitalem
558 740 584 792 δι
604 740 767 804 Caucasum,

276 823 327 877 Vel
346 822 502 877 Occidentis
520 825 603 895 usque
622 826 654 877 ad
671 824 796 877 ultimum
814 821 923 885 sinum,'

350 909 424 962 Forti
442 910 581 981 sequemur
600 910 718 980 pellere.

232 1001 261 1052 15
279 993 386 1066 Roget,
403 1009 480 1047 tuum
498 998 588 1049 labore
607 997 671 1065 quid
688 994 780 1062 juvem
798 1008 862 1047 meo

271 1068 277 1075 “
350 1081 485 1145 imbellis,
501 1099 531 1134 ac
550 1080 643 1135 firmus
661 1082 782 1149 patum?

277 1164 376 1219 Comes
396 1166 500 1219 minore
519 1167 577 1219 sunt
595 1166 699 1218 futurus
718 1165 748 1216 in
765 1177 857 1227 metu,

351 1250 407 1316 Qui
425 1249 511 1316 major
529 1251 649 1303 absentes
667 1250 767 1302 habet:

277 1338 316 1389 Ut
335 1336 453 1389 assident
474 1335 648 1405 implumibus
667 1332 749 1404 punis
767 1331 827 1387 avis

232 1431 267 1469 20
351 1420 518 1491 Serpentium
537 1421 650 1489 allapsus
669 1418 765 1482 timet,

278 1505 365 1578 Magis
384 1506 482 1560 telisiis
498 1524 507 1567 ς
525 1522 600 1569 nou,
615 1503 657 1557 uti
674 1503 711 1557 tit
728 1500 811 1556 auxili

353 1592 447 1644 Latuta
465 1593 525 1661 plus
544 1588 726 1658 ptaesentibus.

279 1676 403 1731 Libenter
420 1677 474 1729 hoe
493 1676 519 1729 δι
537 1690 619 1727 omne
637 1671 795 1725 militabitur

353 1762 455 1814 Bellum
474 1760 503 1811 in
521 1773 573 1813 tuae
592 1759 666 1827 spem
685 1757 798 1827 gratie:

233 1859 264 1913 25
279 1848 343 1900 Non
360 1860 391 1899 ut
408 1844 532 1913 juvencis
552 1843 653 1915 illigata
673 1842 792 1911 pluribus

352 1932 443 1984 Atetta
463 1930 580 1984 nitantur
598 1946 678 1992 mea,

280 2017 398 2070 Pecusve
417 2016 533 2069 Calabris
552 2029 613 2067 ante
631 2013 704 2066 sidus
722 2009 855 2066 fervidum

353 2102 456 2157 Lucana
474 2112 560 2153 mutet
578 2098 705 2167 pascuist

279 2192 336 2244 Nec
354 2204 384 2244 ut
403 2185 509 2257 superni
527 2184 595 2239 villa
616 2184 730 2237 candens
747 2182 856 2237 ‘l'useuli

235 2286 269 2340 30
353 2274 455 2328 Cireaea
473 2285 563 2342 tangat
580 2268 691 2323 moenia.

282 2358 352 2413 Satis
371 2360 500 2428 superque
518 2374 562 2409 me
579 2352 730 2424 benignitas
748 2365 794 2407 tua

354 2443 459 2496 Ditavit
477 2460 484 2493 :
502 2442 572 2493 haud
590 2454 721 2507 paravero

220 2558 222 2567 =
282 2530 364 2597 Quod
381 2544 426 2581 aut
444 2542 557 2591 avarus,
570 2539 601 2577 ut
618 2523 763 2590 Chremes,
776 2522 847 2577 tent
864 2541 1005 2597 premam,

355 2613 506 2671 Disciutius
524 2624 570 2667 aut
589 2612 698 2681 perdam
714 2624 745 2664 ut
763 2625 859 2679 nepot.

568 2825 716 2924 ’ius‘
