2334 4067
340 525 560 592 Limen
620 520 649 586 Ι.
786 512 853 604 269

133 638 262 708 labitur,
281 642 425 698 &labetur
444 645 474 697 in
492 660 572 698 omne
590 635 719 694 volubilis
737 651 836 688 aevunr.

136 727 274 792 Quaeritur
291 746 445 800 argentum,
463 730 602 799 puerisque
620 727 696 785 beata
715 720 832 800 creandis

134 814 233 877 Uxor,
248 815 274 866 dt
290 815 397 868 incultae
415 830 542 885 pacantur
559 825 672 865 vomere
690 807 784 878 sylvae.
869 815 901 866 45

138 899 221 961 Quod
231 899 291 951 satis
301 900 351 964 est,
361 900 405 955 cui
414 899 547 970 contingit
555 939 562 963 ,
570 897 638 950 nihil
649 893 763 962 amplius
773 905 857 960 optet.

137 983 203 1034 Non
219 985 313 1037 domus
331 986 358 1038 δι
371 987 481 1049 fundus,
492 1001 549 1037 non
565 982 625 1035 aeris
642 995 750 1034 acervus
765 978 792 1030 δι
802 976 860 1030 euri

138 1067 253 1138 AEgroto
272 1071 376 1124 domini
394 1071 504 1125 deduxit
522 1085 636 1136 corpore
655 1067 760 1132 febres,

137 1155 203 1204 Non
221 1156 312 1208 animo
331 1173 414 1210 curas.
431 1157 527 1208 Valeat
546 1150 673 1222 possessor
692 1161 816 1218 oportet,

142 1239 170 1290 Si
189 1242 363 1307 comportatis
382 1243 457 1294 rebus
475 1243 543 1294 bene
561 1236 730 1310 cogitaturi.
875 1246 909 1297 50

142 1322 199 1388 Qui
210 1324 352 1390 cupit,aut
362 1326 548 1392 metuit,juvar
559 1325 636 1378 illum
648 1319 687 1376 sic
697 1323 792 1374 domus
803 1333 847 1372 aut
858 1335 912 1381 res,

143 1407 183 1458 Ut
201 1407 305 1474 lippum
323 1408 399 1477 pisiae
419 1411 530 1473 tabulae,
546 1411 665 1462 fomenta
684 1408 843 1475 podagram,

143 1491 280 1544 buticulas
298 1492 404 1550 cithare
422 1494 534 1552 celredi
552 1495 629 1546 sorde
647 1494 777 1546 dolentes.
877 1515 880 1522 ·

146 1572 910 1648 Sincerumestnisivas,quodcunrqueinfundis,acescit.

147 1663 245 1730 Sperne
254 1668 423 1734 voluptates:
434 1681 514 1718 nocet
524 1681 615 1733 empta
626 1665 718 1716 dolore
728 1665 863 1740 voluptas.
879 1674 908 1726 55

146 1750 255 1817 Semper
273 1767 368 1803 avarus
386 1766 467 1820 eget3
483 1765 585 1803 certum
603 1765 672 1802 voto
691 1763 753 1817 pete
771 1741 863 1800 fibenr.

143 1833 254 1888 Invidus
273 1837 381 1888 alteriue
399 1835 538 1888 macrescit
555 1836 633 1886 rebus
652 1834 763 1902 opimis.

142 1920 250 1974 lnvidid
268 1920 352 1973 Siculi
370 1937 427 1972 non
445 1921 573 1972 invenere
593 1919 699 1987 tyranni

144 2005 232 2073 Maius
252 2010 425 2059 tormentum.
447 2004 502 2071 Qui
520 2021 576 2058 non
595 2005 772 2058 moderabitur
790 2005 852 2072 irae,

143 2092 275 2145 infestum
286 2095 363 2146 volet
373 2089 439 2155 effe,
450 2093 531 2144 dolor
541 2091 614 2160 quod
625 2091 731 2144 suaserit
742 2094 768 2144 δι
777 2110 867 2158 mens,
879 2088 915 2140 60

149 2179 221 2230 Dum
239 2194 333 2246 poenas
352 2177 417 2231 odio
437 2193 484 2244 per
500 2177 558 2227 vim
577 2175 681 2228 festinat
699 2177 797 2232 inulto.

150 2264 190 2314 Ira
200 2264 274 2316 sutor
285 2262 375 2314 brevis
386 2261 431 2314 est.
440 2260 568 2312 Animum
577 2276 654 2327 rege,
664 2259 710 2328 qui
722 2259 774 2312 nisi
785 2276 872 2329 paret,

152 2349 283 2414 lmpetat:
297 2349 369 2400 hunc
382 2345 478 2406 frenis,
489 2345 561 2396 bunc
574 2358 603 2395 tu
616 2345 754 2412 compesce
767 2347 870 2401 careni.

152 2433 242 2500 Fingit
260 2448 357 2500 equum
376 2429 465 2484 teneri
481 2429 595 2482 docilem
611 2430 715 2482 cervice
730 2429 851 2499 magister

153 2518 194 2568 lre
202 2517 370 2584 viam,quanr
381 2513 506 2568 monstrat
516 2513 764 2582 equenvenaticus,
771 2529 806 2566 ex
815 2531 869 2582 quo
882 2515 914 2579 65

153 2605 287 2669 Tempore
306 2600 440 2654 cervinam
458 2601 556 2668 pellem
574 2597 683 2650 latravit
701 2597 730 2648 in
747 2600 825 2661 aula,
904 2613 907 2621 ¹

154 2689 253 2742 Militat
272 2686 301 2738 in
319 2685 403 2755 sylvis
421 2686 533 2736 catulus.
552 2684 631 2735 Nunc
648 2682 738 2738 adbibe
758 2700 826 2752 puro

155 2771 265 2824 Pediore
280 2771 374 2833 verba,
385 2785 450 2837 puer
463 2787 472 2828 ;
490 2783 560 2821 nunc
578 2783 605 2820 te
621 2767 774 2822 melioribus
792 2769 870 2826 osser.

156 2859 221 2922 Quo
238 2856 319 2908 semel
334 2853 371 2906 est
386 2853 485 2906 imbuta
500 2869 593 2906 recens
605 2891 613 2916 ,
627 2853 741 2906 servabit
759 2857 870 2908 odorem

155 2939 234 2992 Tessa
250 2939 305 2990 diu.
321 2936 401 3004 Quod
420 2936 443 2989 si
461 2935 558 3000 cessas,
570 2952 616 2988 aut
633 2937 750 2992 strenuus
770 2941 869 3005 anteit,
883 2961 920 3011 70

156 3029 213 3084 Nec
229 3024 331 3088 tardum
347 3021 490 3091 opperior,
505 3037 552 3074 nec
569 3023 776 3090 precedentibus
792 3025 870 3082 intio.

650 3193 679 3248 tt
697 3193 726 3262 iij
