2334 4067
394 497 615 565 Lrsart
676 496 705 562 1.
843 505 908 583 295

186 610 329 682 Suspedlos
344 617 471 688 laqueos,
483 620 510 670 ἃ
521 633 647 688 opertum
662 615 760 668 miliius
772 613 892 668 hamum.

184 696 311 751 Oderunt
326 718 433 770 peccare
450 706 514 756 boni
529 703 640 756 virtutis
656 717 765 753 amore:

184 782 230 834 Tu
244 784 314 837 nihil
331 788 454 842 admittes
472 789 502 841 in
518 803 545 841 te
564 786 708 841 formidine
725 801 836 856 poenae:

185 868 230 920 Sit
245 870 304 938 lpes
321 873 445 938 fallendi,
458 875 579 927 miscebis
596 875 665 926 sacra
682 871 809 941 profanis.

184 955 255 1006 Nam
267 957 299 1008 de
309 959 384 1012 mille
393 960 458 1014 labae
470 960 567 1012 modiis
578 971 661 1027 quum
672 957 782 1025 surripis
793 970 890 1018 uuum,
925 976 935 1027 5
942 980 955 1026 5

185 1039 324 1094 Damnum
337 1044 388 1108 est,
399 1063 455 1098 uon
466 1046 569 1098 facinus
581 1044 650 1096 mihi
661 1042 739 1111 pallo
750 1043 836 1095 leuius
848 1041 906 1094 illo.

184 1125 515 1192 Virbouus‚omoeforum
521 1147 601 1199 quem
607 1129 828 1198 spedat,&omne
834 1125 958 1194 tribunal,

183 1211 416 1284 Quandocumque
424 1211 499 1269 Deos
507 1219 555 1270 vel
565 1217 712 1284 porco‚vel
721 1215 796 1267 bove
807 1215 892 1282 placat
902 1233 909 1266 ι

183 1295 352 1364 lamparet,
364 1300 449 1364 clare,
461 1300 531 1354 clarb
541 1317 625 1370 quum
635 1300 720 1364 dixit,
730 1301 850 1366 llpollot

185 1379 268 1433 Labra
279 1400 373 1436 movet
384 1402 505 1440 metuens
517 1385 602 1438 audiri
614 1405 621 1438 ι
633 1385 742 1438 Pulchra
752 1385 869 1437 Lauerna
880 1424 887 1449 ‚
920 1395 956 1448 60

184 1467 231 1517 Da
246 1466 313 1520 mihi
328 1470 437 1534 fallere,
452 1474 484 1524 da
499 1471 567 1538 justo
583 1472 725 1539 landioque
740 1469 846 1530 videri,

183 1550 300 1605 Nouem
316 1555 448 1621 peccatis,
460 1557 488 1608 δι
499 1556 633 1610 fraudibus
649 1554 736 1620 obiice
751 1556 858 1610 nubem.

185 1637 242 1702 Qul
259 1639 356 1692 melior
371 1640 466 1704 servo,
483 1642 530 1710 qui
546 1642 657 1695 liberior
672 1641 708 1694 sit
723 1659 833 1706 avarus,

174 1721 216 1772 'ln
232 1722 323 1791 triviis
340 1724 426 1778 fixum
443 1744 525 1795 quum
541 1728 569 1782 se
584 1729 701 1782 demittit
716 1730 751 1781 ob
766 1727 861 1792 affetu,

183 1809 249 1860 Non
258 1809 417 1864 video.Nam
427 1813 474 1880 qui
484 1813 687 1880 cupietmetuet
695 1831 814 1883 quoque:
823 1831 905 1885 porro
918 1813 950 1880 65

184 1894 241 1958 Qui
252 1911 373 1949 metuens
383 1897 476 1957 vivet,
486 1899 553 1950 liber
561 1899 630 1951 mihi
642 1915 698 1950 uon
708 1899 759 1951 erit
769 1916 904 1970 umquam.

185 1978 302 2032 Perdidit
318 1998 406 2046 arma,
421 1985 512 2034 lorum
528 1981 637 2040 virtutis
653 1982 783 2048 deseruit,
796 1985 843 2054 qui

184 2065 295 2134 Semper
311 2065 341 2118 in
357 2069 474 2136 augeodl
490 2065 593 2118 fellinas
609 2067 636 2118 dt
650 2068 771 2120 obruitur
784 2086 822 2120 re.

184 2150 307 2203 Vendere
318 2169 402 2220 quum
414 2151 503 2218 possis
515 2151 667 2218 captivum,
679 2152 798 2202 occidere
809 2151 884 2205 noli:

184 2235 289 2287 Serviet
305 2236 416 2288 utiliter.
432 2236 495 2286 Sine
510 2235 599 2302 pascat
612 2236 691 2287 durus
701 2273 709 2298 ,
721 2249 848 2303 aretque3
916 2251 952 2300 7o

184 2320 315 2390 Naviget,
325 2338 356 2373 ac
368 2321 463 2372 mediis
478 2321 588 2389 hyemes
602 2335 734 2374 mercator
746 2321 776 2373 in
786 2320 865 2374 undis
877 2341 885 2381 ς

184 2410 306 2459 Annona
322 2406 424 2475 prosit,
438 2421 529 2474 portet
543 2407 674 2460 frumenta
690 2407 834 2475 petrusque.

183 2493 236 2544 Vsr
247 2493 348 2554 bonus,
361 2492 502 2560 &sapiens
516 2493 620 2544 audebit
632 2491 718 2542 dicere
730 2511 737 2542 ι
751 2491 885 2556 Penthea,

182 2577 282 2630 Redor
293 2577 458 2639 Thebarum,
472 2577 536 2645 quid
551 2593 594 2627 me
611 2577 725 2642 perferre
740 2574 846 2643 parique

183 2662 323 2732 Indignum
331 2663 547 2732 cogeslddimam
554 2661 903 2728 bona.Nempepecus,rem,
915 2682 948 2730 75

182 2750 293 2813 Lestos,
305 2765 443 2819 argeutum
454 2752 465 2802 ἓ
477 2749 555 2800 tollas
567 2746 640 2798 licet.
653 2747 683 2798 ln
694 2746 805 2800 manicis
818 2749 844 2802 δι

184 2835 363 2903 Compedibus
377 2835 450 2887 savo
464 2848 492 2885 te
505 2833 552 2886 sub
565 2831 670 2884 custode
684 2835 792 2888 tenebo.

183 2921 240 2984 lpse
251 2922 335 2984 Deus,
345 2920 503 2987 simulatque
515 2921 616 2983 volam,
625 2935 667 2970 me
677 2918 774 2972 solvet.
782 2919 901 2988 Opinor,

183 3007 242 3062 Hoc
253 3006 347 3072 sentit,
357 3006 472 3061 moriare
485 3020 558 3058 mors
568 3005 663 3058 ultima
672 3003 744 3057 linea
755 3023 842 3060 rerum
852 3007 900 3063 est.

681 3190 785 3245 Niu.
