2334 4067
259 447 327 537 276
399 449 832 525 Eprsrorirun

257 567 406 639 Porrigere.
413 571 463 624 Hic
472 575 584 625 multum
597 575 625 626 in
635 573 712 626 Fabia
722 573 794 623 valer
801 609 808 632 ‚
816 570 862 620 ille
871 565 993 621 Velinffi'

259 653 375 706 Cuilibet
393 656 438 709 hic
456 658 537 710 fasces
556 659 648 722 dabit,
663 656 811 725 eripietque
830 655 950 714 curule,
1089 710 1090 717 ἵ

260 735 311 788 Cui
324 742 414 803 volet,
427 739 594 810 importunus
607 744 680 795 ebur.
688 741 789 804 Frater,
799 756 887 808 pater,
896 739 992 789 adde:
1089 726 1090 785 l

215 822 243 878 55
258 823 296 873 Ut
310 823 405 892 cuique
419 826 455 877 est
469 842 546 890 aeras,
557 829 594 879 ira
607 844 739 896 quemque
754 825 852 878 facetus
868 825 989 890 adopta.
1089 794 1090 871 l

258 903 287 958 Si
304 907 370 959 bene
385 909 436 977 ,qui
455 927 560 974 coenat,
576 913 643 964 bene
659 911 730 963 vivit
743 929 752 969 ς
765 913 853 971 lucet,
866 925 964 960 eamus

258 989 323 1056 Quo
342 993 413 1045 ducit
432 997 491 1064 gula
506 1015 515 1054 ς
535 995 683 1064 piscemur,
697 1012 843 1058 venemur,
859 1009 889 1044 ut
906 994 983 1044 olim

260 1075 413 1145 Gargilius,
427 1079 473 1148 qui
490 1079 566 1133 mane
585 1083 674 1150 plagas
685 1119 693 1144 ‚
704 1079 852 1144 venabula,
864 1077 988 1141 servos,

258 1161 405 1216 Differtum
419 1165 529 1218 transire
543 1166 646 1229 forum,
657 1167 841 1233 populumque
853 1161 984 1227 jubebam

212 1241 247 1298 60
259 1248 335 1298 Unus
354 1262 384 1299 ur
403 1265 417 1300 e
436 1249 547 1312 multis,
563 1252 667 1318 populo
686 1248 834 1316 spetlante,
850 1247 963 1300 referret

259 1331 384 1399 Emptum
395 1323 481 1386 mulus
492 1351 593 1402 aprum.
602 1333 682 1386 Crudi
692 1331 838 1402 tumidique
847 1335 988 1398 lavemur,

259 1416 333 1482 Quid
351 1420 459 1482 deceat,
475 1419 539 1488 quid
556 1435 629 1481 uon,
645 1417 724 1470 obliti
739 1436 748 1477 ·‚
766 1417 861 1470 Caerite
879 1416 941 1469 cera

259 1503 362 1572 Digni,
377 1504 517 1574 remigium
534 1503 663 1556 vitiosum
679 1503 822 1556 Ithacensis
836 1503 958 1572 Ulyffei,

261 1590 313 1642 Cui
332 1591 423 1658 potior
441 1591 525 1660 patrii
544 1591 596 1643 fuit
614 1589 750 1642 interdista
767 1593 903 1659 voluptas.

212 1669 245 1738 65
261 1674 307 1738 Si,
320 1676 485 1728 Mimnetnus
502 1674 542 1726 uti
559 1674 665 1738 censer,
679 1676 736 1728 sine
751 1692 842 1728 amore
857 1676 983 1746 jocisque

261 1759 308 1812 Nil
326 1759 362 1810 est
380 1759 520 1823 jucundum
535 1777 543 1818 ς
559 1757 636 1810 vivas
655 1758 684 1810 in
702 1776 792 1812 amore
809 1758 939 1830 jocisque.

262 1843 356 1906 Vive,
372 1847 441 1898 vale.
459 1845 488 1897 Si
507 1845 570 1914 quid
588 1843 685 1895 novisti
703 1843 799 1896 restius
817 1844 892 1910 istis,

264 1928 395 1984 Candidus
414 1929 543 2001 imperti;
560 1929 585 1983 si
603 1945 677 1994 non,
690 1927 732 1982 hie
750 1944 824 1984 utere
842 1947 959 2005 mecum.
