2334 4067
239 481 305 608 169
444 488 740 559 Euonou.

240 630 973 709 «ἐκπέμψω

354 783 713 869 CARMEN
770 782 879 866 V...

313 962 394 1023 Pueri
414 962 444 1023 in
463 963 608 1025 Canidiam
629 964 776 1043 veneficam
796 962 868 1019 dira.

234 1063 327 1181 .th
349 1130 367 1183 ὂ
386 1133 506 1186 Deorum
525 1131 652 1203 quidquid
670 1132 699 1183 in
719 1118 798 1185 cerlo
817 1125 885 1197 regis

306 1216 417 1282 Terras,
432 1215 458 1271 &
474 1220 618 1271 humanum
636 1234 719 1288 genus
735 1220 742 1269 !

233 1298 306 1364 Quid
324 1300 370 1353 iste
389 1302 439 1355 fert
458 1306 587 1356 tumultus
602 1307 612 1357 ἓ
630 1317 675 1354 aut
690 1301 758 1369 ¹quitl
776 1296 898 1352 omnium

305 1385 402 1439 Vultus
421 1387 450 1439 in
468 1404 550 1440 unum
570 1405 613 1439 me
632 1388 743 1439 truces?

206 1468 282 1531 §Per
300 1470 398 1525 liberos
417 1486 463 1537 te,
481 1473 504 1525 si
522 1488 619 1526 vocata
637 1472 763 1541 partubus

307 1556 413 1609 Lucina'
423 1559 494 1611 veris
514 1558 591 1611 affuit
602 1597 610 1623 ‚

235 1641 284 1693 Per
301 1642 352 1693 hoc
372 1641 449 1693 inane
467 1660 591 1711 purpurae
608 1644 688 1694 decus
706 1656 819 1709 precor,

308 1726 357 1777 Per
375 1728 585 1794 improbaturum
603 1729 660 1779 haec
677 1727 792 1788 Iovem,
829 1740 832 1745 ’

235 1808 308 1875 Quid
326 1825 354 1861 ut
374 1828 489 1867 nouerca
507 1830 550 1865 me
569 1812 700 1875 intueris,
714 1825 759 1864 aut
777 1808 818 1863 uti

191 1902 224 1943 to
308 1895 392 1948 Petita
411 1898 481 1951 ferro
500 1900 613 1952 bellua?

236 1983 273 2033 Ut
291 1980 347 2033 haec
365 1996 495 2035 tremente
514 1983 618 2051 questus
637 1980 684 2035 ute
702 1978 820 2033 constitit
884 2005 886 2008 ·

308 2066 457 2136 Insignibus
476 2068 557 2135 raptis
576 2084 663 2135 puer,

236 2153 343 2223 lmpube
362 2170 479 2223 corpus,
497 2156 573 2222 quale
592 2150 677 2220 pollet
695 2148 779 2219 impia
858 2156 862 2166 '

310 2240 417 2291 Mollire
434 2240 565 2291 Thracum
584 2236 714 2305 peblotu
747 2267 751 2275 ·
774 2265 778 2275 ι

192 2340 220 2389 15
239 2323 346 2377 Canidia
364 2324 488 2376 brevibus
507 2323 641 2390 implicata
658 2320 760 2389 viperis

311 2409 403 2461 Crines
424 2408 632 2475 &incomptum
651 2422 730 2474 caput
825 2433 827 2438 ·

236 2496 314 2550 lubet
333 2494 457 2563 sepulcris
477 2490 615 2561 caprificus
634 2506 739 2557 erutas,
822 2528 827 2537 ι

307 2582 387 2634 Jubet
404 2578 535 2648 cupressus
554 2580 693 2642 funebres,
801 2568 805 2573 ’

238 2666 270 2717 Er
288 2664 365 2716 unlla
383 2664 467 2733 turpis
486 2680 540 2717 ova
558 2680 628 2716 ranae
647 2663 773 2733 sanguine

190 2761 226 2800 20
310 2750 480 2819 Plumarnque
499 2748 634 2801 nubtutuae
652 2748 757 2818 strigis,

238 2834 405 2903 Herbasque‚
426 2850 489 2901 quas
509 2834 598 2885 lolcos
617 2847 696 2901 atque
715 2831 799 2887 lbetin

309 2918 394 2971 Mittit
411 2933 578 2971 venenorum
596 2918 689 2982 ferax,

237 3010 269 3062 Et
288 3005 341 3060 offa
362 3007 393 3059 ab
412 3022 459 3058 ote
476 3018 550 3073 rapta
568 3002 664 3069 jejunae
683 3004 775 3070 canis,

309 3092 431 3147 flammis
451 3090 524 3145 aduri
545 3090 687 3146 Colchicis.
