2334 4067
353 499 571 572 [ΜΗ
617 501 682 571 ΙΙ.
762 581 765 588 ¹
807 518 875 592 249

116 616 119 625 “
161 617 284 674 llrud'ad
301 620 359 674 hac
377 622 456 690 jubeo
473 643 479 676 :
498 623 592 676 mulier
610 621 635 675 si
652 617 722 673 sorte
741 619 847 684 dolosa,
891 632 929 682 70

163 705 321 760 Libertusve
340 708 428 762 senem
447 709 558 762 delirum
576 723 725 777 temperet,
743 706 801 759 illis.

164 793 280 844 Accedes
299 793 387 847 socius
405 813 413 854 ς
432 797 536 859 laudes,
553 794 666 847 lauderis
684 808 714 845 ut
732 793 833 846 absens.

158 876 880 950 Adjuvarhocquoquersedvincitlongeprius‚ipsum
928 893 931 901 ·

164 963 322 1034 Expugnare
340 979 427 1034 caput.
441 965 541 1018 Scriber
555 967 623 1017 mala
637 963 752 1016 carmina
766 966 878 1016 vecors?

164 1047 293 1107 Laudato.
314 1050 449 1102 Scorrator
467 1049 518 1102 erit
537 1051 547 1104 ἓ
567 1066 632 1102 care
650 1063 677 1100 te
695 1061 789 1117 roget,
808 1049 879 1100 ultro
890 1063 923 1114 75

163 1133 318 1204 Penelopen
335 1134 419 1188 facilis
437 1135 540 1204 potiori
557 1137 638 1188 trade.
657 1134 787 1194 Putasne,

163 1219 411 1292 Perducilpoterin
428 1237 483 1274 ram
501 1221 589 1292 frugi,
606 1236 713 1289 tamque
730 1221 841 1288 pudica,

163 1307 253 1371 Quam
272 1308 396 1376 nequiere
414 1307 490 1376 proci
509 1306 582 1360 resio
601 1307 731 1374 depellere
750 1305 850 1358 cursu?

65 1405 66 1440 l
160 1392 245 1445 Venit
263 1393 334 1445 enirn
352 1409 469 1462 magno,
487 1390 602 1444 donandi
620 1406 715 1458 parca,
735 1390 876 1457 juventus,

162 1480 221 1530 Nec
239 1492 341 1531 tantum
355 1478 484 1542 Veneris,
499 1491 625 1547 quantum
643 1475 755 1528 studiosa
772 1473 875 1528 culinae.
889 1478 925 1530 80

163 1563 209 1615 Sic
227 1563 275 1616 ribi
293 1564 425 1632 Penelope
443 1563 512 1632 frugi
530 1561 588 1620 estr
604 1579 662 1630 quar
681 1560 704 1613 si
722 1560 802 1613 semel
820 1576 876 1612 uno

161 1649 205 1702 De
224 1651 284 1702 sene
303 1649 428 1720 pulsarit,
446 1665 534 1702 recum
553 1647 649 1717 partita
665 1649 807 1712 lucellum,

65 1787 66 1794 ,
162 1737 202 1787 Ut
221 1735 292 1789 canis
308 1753 322 1788 a
339 1735 415 1788 corio
431 1751 575 1805 numquam
591 1733 769 1788 absterrebitur
783 1733 874 1788 ιιηᾶο.

111 1839 115 1846 ·
160 1819 923 1890 Mesene,quoddicam‚sa6bumest.AnusimprobrThebis
978 1813 982 1820 ’

160 1904 204 1956 Ex
223 1903 375 1957 testamento
395 1903 435 1956 sic
453 1903 489 1956 est
507 1905 574 1956 elata
594 1923 602 1956 ς
621 1906 749 1969 cadaver,
887 1909 920 1972 85

161 1989 281 2041 Unelum
297 1991 359 2042 oleo
376 1991 468 2058 largo,
482 1989 558 2042 nudis
575 1989 691 2044 humeris
707 1988 767 2042 tulit
781 1991 875 2044 heres:

159 2075 268 2127 Scilicet
285 2077 352 2128 elabi
371 2075 394 2128 si
413 2073 497 2142 posset
515 2089 643 2136 mortua3
660 2078 754 2142 credo,

159 2157 243 2226 Quod
258 2161 370 2214 nimium
385 2161 511 2214 institerat
524 2161 640 2214 virenti.
654 2161 752 2213 Cautus
767 2160 857 2214 adito:

159 2247 221 2298 Neu
240 2245 308 2298 desis
327 2263 431 2314 operae,
446 2262 515 2298 neve
533 2245 721 2299 immoderatus
740 2248 864 2302 abundes.

159 2331 304 2385 Difficilem
321 2332 347 2384 δι
361 2331 497 2384 morosum
513 2329 632 2384 offendes
649 2335 766 2401 garrulus
780 2351 788 2386 r
803 2335 875 2388 ultro
885 2349 922 2402 9ο

160 2419 227 2468 Non
244 2417 325 2470 etiam
344 2417 430 2468 sileas.
450 2415 540 2470 Davus
560 2415 596 2470 sis
615 2418 748 2484 comicus,
761 2433 839 2488 atque

161 2501 221 2554 Stes
240 2501 325 2570 capite
345 2500 464 2570 obstipo,
480 2503 593 2554 multum
611 2501 707 2555 similis
726 2504 865 2559 metuenti.

141 2575 143 2580 ⁸
161 2589 304 2658 Obsequio
323 2587 431 2657 grassare
448 2607 455 2640 :
475 2603 574 2650 mone,
589 2586 613 2637 si
631 2587 762 2640 increbuit
779 2605 858 2653 aura,

161 2679 263 2728 Cautus
281 2675 321 2727 uti
338 2676 410 2726 velet
428 2690 516 2726 carunr
533 2687 611 2741 caput
622 2691 631 2732 ι
644 2676 751 2728 extrahe
767 2678 857 2742 turba,

161 2761 306 2831 Oppositis
324 2759 441 2812 humeris
454 2777 463 2819 3
478 2775 566 2810 aurern
587 2759 726 2830 substringe
743 2763 859 2832 loquaci.
885 2785 918 2838 95

160 2851 330 2916 importunus
350 2861 419 2898 amat
436 2842 558 2897 laudari?
575 2845 660 2896 donec
678 2846 739 2899 Ohe
756 2846 811 2914 jam

158 2935 206 2986 Aa
222 2935 319 2986 coelum
338 2932 457 2984 manibus
477 2931 583 2984 sublatis
602 2931 718 2998 dixerit,
736 2952 799 3004 urge
819 2956 828 2997 3
848 2937 876 2990 δι

159 3021 330 3073 Crescentem
349 3017 456 3070 tumidis
476 3017 539 3070 infla
558 3017 720 3072 sermonibus
738 3020 849 3077 utrem.¹

159 3108 255 3183 Quum
274 3122 301 3168 re
320 3105 430 3164 servitio
449 3107 552 3184 longo,
569 3105 682 3175 cut-lique
700 3103 815 3172 levarit,
871 3117 876 3153 ἐ

679 3199 737 3258 br
