2334 4067
351 544 379 610 L
402 561 421 613 1
445 562 471 616 n
495 565 521 616 n
544 571 570 620 R
621 548 645 616 Ι
655 547 684 616 1.
809 559 874 637 251

141 706 145 714 .
158 661 285 718 Hercule:
292 661 316 717 si
324 669 397 735 quod
404 669 481 735 adest,
487 686 589 742 gratum
597 667 740 738 juvatzhac
748 681 825 734 prece
833 679 859 717 te
867 675 928 723 oro·

157 747 263 818 Pingue
276 766 356 818 pecus
371 754 482 807 domino
496 757 592 819 facias,
605 755 632 807 δι
645 767 746 816 cetera,
759 765 854 819 ptaeter

156 830 397 905 lssgffliumffltque
407 838 572 904 soles‚custos
582 839 649 892 mihi
658 837 790 890 maximus
799 833 877 888 adsis.
893 840 924 892 15

155 918 230 986 Ergo
239 920 284 972 ubi
293 937 337 973 me
346 921 374 973 in
383 937 503 988 montes,
512 924 573 976 &in
582 939 669 978 arcem
679 921 792 974 eerbe
803 917 927 979 removi,

157 1001 234 1066 Quid
244 1004 319 1071 prius
330 1004 455 1060 illustrem
466 1009 577 1079 satyris,
587 1003 859 1076 Musaquepedestrie

154 1085 216 1138 Nec
225 1091 293 1140 mala
302 1107 345 1142 me
354 1093 465 1146 ambitio
474 1095 569 1162 perdit,
575 1110 624 1146 nec
632 1093 770 1162 plumbeus
777 1089 879 1156 Auster,

154 1172 359 1244 Autumnusque
373 1178 476 1246 gravis,
487 1178 610 1231 Libitine
624 1176 735 1248 quaestus
750 1177 858 1230 acerba.

156 1257 292 1312 Matutine
310 1277 402 1327 pater,
417 1264 462 1316 seu
477 1265 543 1316 Jane
560 1263 687 1316 libentius
706 1260 799 1324 audis,
892 1279 945 1338 no⁴
1009 1261 1012 1268 ’

156 1343 237 1395 Unde
253 1345 378 1398 homines
395 1363 508 1414 operum
523 1347 625 1415 primos
641 1346 758 1415 vitaque
775 1346 878 1400 labores

157 1428 315 1495 instituunt,
329 1431 368 1484 sic
382 1433 434 1483 Dis
451 1431 596 1499 placitum,
611 1447 641 1484 tu
660 1430 784 1484 carminis
804 1430 859 1484 esto

156 1512 331 1582 Principium.
348 1515 440 1568 Romae
459 1517 615 1584 sponsorem
634 1533 677 1568 me
695 1515 764 1584 rapis
778 1535 786 1568 c
800 1515 860 1581 eia,

156 1600 200 1650 Ne
218 1601 293 1667 prior
312 1601 401 1654 officio
420 1601 559 1670 quisquam
578 1599 751 1670 respoudeat,
766 1616 840 1669 urge.

156 1686 222 1740 Sive
238 1685 337 1754 Aquilo
356 1685 424 1739 radit
442 1701 542 1753 terras,
559 1683 605 1738 seu
623 1687 714 1738 bruma
733 1683 852 1738 nivalem
890 1700 923 1754 25

157 1770 288 1822 luteriore
306 1771 376 1824 diem
396 1788 464 1840 gyro
484 1773 582 1834 trahit,
603 1771 641 1824 ire
660 1768 761 1824 neceffe
779 1769 825 1824 est.

157 1853 430 1924 Postmodo,quodmi
437 1853 587 1917 obsit,clatd
594 1863 746 1924 certumque
753 1857 876 1924 loquum,

157 1940 321 1992 Ludiandum
340 1941 369 1992 in
387 1941 480 2002 turba,
497 1939 616 1991 facienda
635 1937 731 2004 injuria
749 1941 838 1995 tardis.

157 2025 233 2092 Quid
240 2025 288 2078 tibi
296 2024 564 2092 vis‚insane,&quam
571 2039 628 2076 rem
636 2025 842 2095 agisiimprobus
850 2039 927 2096 urget

154 2111 233 2164 lratis
252 2111 381 2182 precibus.
398 2110 441 2162 Tu
459 2110 547 2178 pulses
566 2125 647 2162 omne
667 2112 738 2179 quod
757 2111 858 2187 obstat,
892 2125 928 2180 so

155 2198 199 2250 Aa
216 2198 389 2250 Maecenatem
408 2194 524 2248 memori
542 2193 566 2246 si
584 2208 674 2246 mente
693 2199 839 2250 recurras?
896 2256 903 2272 Δ

155 2283 218 2335 Hoc
227 2281 426 2349 juvat,&melli
433 2279 543 2342 est‚non
550 2278 671 2332 mentiar.
678 2280 713 2332 At
722 2281 801 2344 simui
809 2295 877 2335 atras

154 2369 275 2422 Ventum
294 2367 330 2419 est
349 2364 496 2432 Esquilias,
511 2363 596 2416 aliena
614 2365 723 2434 negotia
743 2381 850 2420 centum

155 2454 207 2506 Per
223 2465 316 2519 caput,
328 2449 354 2501 δι
365 2449 433 2502 circa
448 2448 545 2511 saliunt
559 2450 637 2503 latus.
651 2451 720 2504 Ante
736 2453 877 2506 secundam
959 2493 962 2500 .

156 2536 270 2589 Roscius
288 2535 381 2586 orabat
399 2533 450 2586 sibi
469 2520 566 2584 adesses
586 2535 618 2585 ad
635 2534 725 2586 Puteal
744 2553 811 2590 cras.
891 2551 923 2607 35

155 2623 200 2675 De
218 2637 248 2672 re
267 2616 404 2670 communi
422 2615 512 2668 scriba
530 2633 624 2687 magna
643 2632 721 2688 atque
740 2635 812 2674 nova
830 2635 858 2676 re

157 2707 277 2761 orabunt
295 2701 376 2755 hodie
394 2698 573 2764 meminisses,
591 2699 711 2768 Quinte,
730 2705 839 2762 reverti.

155 2791 293 2861 imprimat
311 2788 353 2840 his
371 2804 433 2840 cura
451 2787 585 2839 Maecenas
606 2788 681 2856 signa
699 2790 812 2844 tabellis.

156 2875 266 2929 Dixeris
275 2915 283 2937 ,
293 2873 431 2942 experiar:
442 2871 470 2924 Si
480 2870 539 2930 vis,
550 2886 645 2940 potes,
655 2873 740 2938 addit,
751 2876 778 2928 dc
789 2875 875 2930 instat.

156 2961 290 3028 Septimus
308 2959 406 3012 oslavo
425 2957 537 3026 propior
555 2956 609 3024 jam
628 2957 724 3029 fugerit
743 2977 842 3028 annus,
889 2975 926 3030 4ο
947 3014 950 3022 ,

157 3048 198 3100 Ex
216 3062 270 3114 quo
288 3045 419 3096 Maceuas
438 3059 482 3095 me
500 3043 585 3111 coepit
603 3043 698 3096 habere
718 3043 825 3098 suorum

155 3133 187 3184 ln
198 3145 310 3184 numero
320 3168 329 3194 ,
340 3131 467 3182 duntaxat
479 3129 590 3194 adhoc,
599 3143 678 3198 quem
690 3131 784 3183 tollere
795 3129 875 3186 suedi

659 3219 727 3287 ij
