2334 4067
287 491 331 588 38
443 498 842 569 C‘Ansttntsm

257 617 343 683 5Vos
358 618 446 671 letam
463 618 573 685 fluviis,
593 622 619 674 δι
634 638 775 674 nemorum
793 616 889 680 coma,

284 703 465 775 Quaecumque
485 722 530 757 aut
549 706 638 775 gelido
657 706 792 775 prominet
805 704 921 774 Algido,

254 804 261 814 ·
320 788 410 860 Nigris
429 804 475 843 aut
491 790 648 860 Erymanthi

358 875 468 945 Sylvis,
483 891 528 929 aut
546 876 641 930 viridis
660 875 748 946 Cragi.

285 961 345 1013 Vos
362 962 464 1031 Tempe
481 962 594 1015 totidem
613 962 700 1015 tollite
717 960 855 1024 laudibus,

239 1060 273 1104 to
285 1048 475 1117 Natalemque,
491 1064 593 1111 mares,
608 1050 701 1101 Delon
716 1047 868 1117 Apollinis,

320 1131 505 1202 Insignemque
524 1132 663 1201 pharetra,

356 1216 533 1285 Fraternaque
551 1218 690 1275 humetum
707 1215 776 1286 lyra.

285 1300 337 1354 llic
352 1301 451 1354 bellum
466 1302 661 1370 lacrymosum,
673 1301 718 1354 hic
732 1301 854 1355 miseram
867 1301 962 1353 samem
972 1338 985 1362 ,

285 1386 438 1455 Pestemque
452 1404 466 1439 a
481 1390 601 1456 populo,
616 1388 643 1439 δι
657 1386 777 1456 principe
792 1387 895 1439 Caesare
908 1385 937 1436 in

239 1490 277 1547 15¹
322 1466 427 1537 Persas,
442 1486 520 1542 atque
535 1471 677 1525 Britannos

357 1557 452 1613 Vestra
470 1572 559 1611 motus
576 1573 636 1627 aget
653 1573 740 1626 prece.

284 1680 627 1753 ζ’
626 1685 983 1743 *stiffi

363 1806 400 1891 C
415 1805 684 1891 ARMEN
743 1804 918 1891 XXll.

325 1964 400 2029 'An
432 1970 650 2031 nuscum
679 1968 957 2031 Antsnwu.

285 2095 356 2161 Vua
377 2098 551 2180 integritatem
561 2142 573 2169 ‚
591 2100 618 2160 δ’
634 2102 814 2162 innocentiam
835 2100 929 2179 ubique
950 2094 1005 2173 effe

593 2210 688 2253 tutam.

284 2278 486 2401 {uranu
502 2347 583 2411 vitae,
599 2349 753 2419 scelerisque
772 2364 853 2419 purus

283 2428 347 2481 Non
364 2447 424 2500 eget
442 2433 544 2485 Mauris
562 2431 675 2498 jaculis,
691 2452 777 2504 neque
795 2423 886 2498 arcu,¹

281 2513 339 2567 Nec
358 2516 497 2569 venenatis
517 2518 625 2587 gravida
643 2518 763 2590 sagittis,

389 2604 487 2667 Fusce,
502 2603 624 2671 pharetra
636 2624 643 2659 ε

256 2684 347 2743 lSive
367 2704 415 2755 pet
434 2690 525 2759 Syrtes
549 2689 601 2743 iter
620 2690 758 2757 aestuosas,

282 2771 345 2826 Sive
365 2771 478 2827 facturus
498 2792 546 2843 pet
566 2774 754 2844 inhospitalem

281 2856 442 2922 Caucasum,
457 2860 502 2911 vel
521 2876 579 2927 quae
598 2861 657 2912 loca
673 2860 808 2915 fumosus

389 2942 491 2997 Lambit
509 2944 657 3015 Hydaspes.

280 3030 401 3099 Namque
420 3045 463 3081 me
480 3032 558 3099 sylva
577 3032 656 3099 lupus
674 3030 703 3083 in
720 3032 834 3095 Sabina,

234 3123 269 3165 to
280 3115 354 3168 Dum
372 3130 457 3169 meant
474 3129 553 3171 canto
569 3116 702 3189 Lalagen,
714 3117 741 3171 δι
755 3119 826 3171 ulna
842 3121 848 3127 '
