2334 4067
358 496 577 594 errn
636 524 667 591 L
831 525 880 607 η

140 639 203 697 dut
222 639 258 697 in
276 644 411 699 umbrosis
431 645 572 700 Heliconis
592 643 668 707 orie,
753 632 756 636 ’
912 630 928 692 l

140 729 201 780 Aut
222 728 309 796 super
327 729 430 794 Pindo,
448 730 573 801 gelidove
591 729 621 781 in
636 724 761 782 Hamo?

139 812 228 865 Unde
251 815 378 867 vocalem
398 814 498 868 temere
516 815 664 885 insequuta

334 897 443 967 Orphea
461 900 563 968 sylvae,

140 983 212 1035 Arte
234 984 361 1034 materni
380 984 486 1052 rapidos
505 999 655 1037 morantem

142 1066 312 1119 fluminum
328 1069 431 1136 lapsus,
446 1069 596 1138 celeresque
610 1081 729 1129 centon
894 1066 931 1109 Ι·

144 1152 291 1204 Blandum
311 1152 449 1206 &auritas
469 1152 565 1206 fidibus
584 1152 692 1207 canoris

334 1239 439 1290 Ducere
457 1254 578 1306 quercus.

145 1321 227 1387 Quid
252 1320 331 1389 prius
353 1321 438 1375 dicam
457 1322 544 1375 solitis
561 1310 682 1375 Parentis

146 1406 315 1469 Laudibus,
334 1405 380 1474 qui
401 1423 443 1459 res
462 1407 604 1459 hominum
624 1423 655 1459 ac
671 1408 814 1474 Deorum,⁸

148 1492 211 1558 Qui
232 1508 312 1543 mare
332 1492 359 1543 &
374 1505 475 1557 terras,
490 1492 625 1561 variisque
643 1494 770 1545 mundum
897 1492 931 1551 15

337 1577 481 1645 Temperat
497 1577 571 1629 horis
587 1580 599 1630 ἓ

150 1665 237 1716 Unde
259 1660 301 1715 nil
318 1660 410 1727 majus·
421 1676 562 1731 generetur
579 1661 657 1730 ipso,

151 1751 213 1801 Nec
230 1747 314 1817 viget
332 1748 477 1817 quidquam
494 1747 581 1800 simile
599 1760 646 1799 aut
659 1746 823 1803 secundine

153 1833 310 1888 Proximos
330 1832 372 1885 illi
389 1848 479 1885 tameo
498 1832 643 1901 occupavit

340 1918 425 1971 Pallas
441 1918 569 1969 honoret.

155 2004 276 2060 Proeliis
297 2004 383 2056 audax
401 2018 486 2071 neque
507 2016 533 2054 te
552 2000 656 2066 silebo,

156 2092 261 2154 Liber,
282 2091 308 2143 δι
325 2089 403 2141 sevis
422 2087 531 2140 inimica
548 2086 629 2158 virgo

157 2176 266 2231 Belluis
283 2193 292 2235 ·,
310 2192 360 2227 nec
378 2190 405 2227 te
418 2208 427 2233 ‚
442 2174 581 2227 metuende
600 2170 672 2225 certa

344 2260 443 2313 Phoebe
461 2258 564 2329 sagirtd.

160 2348 264 2403 Dicam
286 2346 312 2398 δι
326 2345 453 2407 Alciden,
472 2343 621 2412 puerosque
636 2340 734 2405 Ledeg
902 2348 936 2402 25

162 2436 248 2485 Hunc
268 2411 365 2499 equis,
384 2429 461 2482 illum
480 2429 602 2496 superare
619 2426 716 2496 pugnis

163 2517 317 2573 Nobilem3
333 2530 447 2583 quorum
464 2512 544 2565 simul
563 2512 621 2564 alba
637 2510 725 2565 nautia

345 2582 563 2656 §mummi

164 2683 276 2740 Delluit
294 2682 364 2736 saxis
383 2683 494 2752 agitatus
512 2681 624 2743 humor,

167 2768 328 2823 concidunt
346 2768 441 2829 venri,
460 2765 617 2835 fugiuntque
636 2766 738 2825 ruben
902 2769 941 2824 3ο

164 2855 199 2906 Et
220 2851 316 2904 minax
334 2850 394 2920 (sic
410 2852 448 2903 Dl
465 2848 598 2915 voluere)
615 2863 702 2917 ponto

346 2938 424 2989 Unda
442 2934 581 2989 recumbit.

166 3023 320 3077 Romulum
340 3020 399 3089 post
415 3022 465 3073 bos
484 3020 575 3089 prius,
590 3036 625 3071 an
643 3018 763 3089 quietum

167 3105 291 3177 Pompili
306 3122 417 3177 regnum
434 3121 600 3171 memorem,
615 3120 649 3157 an
665 3104 791 3171 superbos

686 3194 707 3247 B
726 3192 745 3261 ij
