2334 4067
287 470 353 575 278
427 477 853 550 Errsrorrnvrr

282 595 321 646 Ut
332 595 395 650 libet
407 617 413 651 ι
427 599 483 654 hec
494 601 582 669 porcis
594 603 674 656 bodie
684 599 843 653 comedenda
855 593 1019 664 relinques.

235 685 270 724 20
282 681 423 754 Prodigus,
437 689 463 740 δι
477 688 567 742 llultus
587 691 669 742 donat
680 689 745 757 >quae
764 684 880 754 spernit,
892 685 924 736 &
939 685 1018 737 odit.

214 831 217 836 Ι
281 767 345 819 Haec
357 769 430 840 seges
442 771 560 842 ingratos
575 774 651 838 tulit,
663 775 689 826 δι
700 773 765 826 leret
775 769 904 824 ⁴omnibus
918 770 1018 822 annis·

280 853 329 904 Vir
345 857 447 922 bonus,
465 860 607 928 &sapiens
626 859 717 930 dignis·
731 857 768 910 ait
786 854 837 908 effe
856 869 996 923 paratust

279 941 336 994 Nec
356 957 443 996 tamen
462 944 568 1016 ignorat
586 948 650 1016 quid
669 944 762 998 distent
781 959 832 994 tera
850 941 972 1009 lupinis.

280 1027 400 1095 Dignum
415 1031 540 1098 praestabo
555 1049 598 1084 me
613 1032 693 1084 etiam
707 1046 757 1098 pro
772 1030 847 1081 laude
861 1027 1015 1081 merentis.

233 1117 264 1168 ²5
280 1111 361 1176 Qubd
379 1115 403 1168 si
422 1133 464 1170 me
483 1121 559 1171 noles
579 1119 687 1186 usquam
706 1115 857 1179 discedere,
870 1116 970 1168 reddes

280 1200 358 1253 Forte
377 1204 463 1264 latus,
478 1204 569 1274 nigros
589 1203 695 1273 augusti
713 1201 801 1256 fronte
819 1201 934 1269 capillos
949 1220 960 1261 3

279 1283 380 1338 Reddes
400 1290 474 1340 dulce
492 1289 586 1360 loqui,
600 1290 691 1341 reddes
710 1287 964 1354 ridere-decorum,
980 1287 1011 1340 δι

279 1369 350 1422 Inter
368 1372 431 1424 vina
450 1374 537 1444 fugam
558 1376 669 1444 Cynarae
689 1387 803 1426 moerere
822 1385 972 1438 protervae.

280 1455 359 1508 Fort'e
379 1474 425 1525 per
445 1459 577 1528 angustam
597 1457 684 1512 tenuis
703 1457 821 1510 nitedula
840 1455 936 1508 rimam

233 1541 403 1610 surrepserat
419 1545 448 1597 in
464 1561 597 1598 cumeram
612 1541 758 1601 frumenti3
773 1541 895 1610 pallaque
911 1543 1005 1596 rursus

279 1627 319 1680 Ire
337 1630 407 1683 foras
426 1633 507 1698 pleno
527 1633 649 1683 tendebat
667 1645 780 1697 corpore
799 1628 900 1682 frustra.

280 1711 331 1762 Cui
348 1713 454 1766 mustela
470 1717 583 1782 procul:
598 1713 627 1768 si
640 1715 698 1780 vis,
712 1712 765 1777 ait,
777 1712 894 1783 effugere
909 1713 1001 1781 istinc,
1090 1734 1091 1741 ¹

280 1795 368 1848 Macra
377 1815 472 1850 cavum
482 1814 586 1867 repetes
594 1799 694 1852 arbium
702 1838 709 1861 ,
717 1815 796 1868 quern
805 1816 892 1851 macra
901 1799 1000 1857 subisti.

280 1881 334 1933 Hae
349 1899 400 1952 ego
419 1883 442 1936 si
459 1887 604 1954 compellar
620 1885 751 1954 imagine,
766 1884 858 1937 cundia
873 1885 993 1955 resigno.

235 1971 265 2026 35
282 1969 337 2020 Nec
355 1969 478 2022 somnum
498 1971 582 2039 plebis
601 1972 679 2023 laudo
698 1969 768 2021 satur
785 1969 920 2030 altilium3
937 1988 988 2024 nec

283 2053 348 2107 Otia
367 2055 469 2108 divitiis
487 2055 602 2108 Arabum
622 2053 755 2106 liberrima
775 2069 860 2109 muto.

282 2142 357 2209 Saepe
376 2141 554 2193 verecundum
572 2137 702 2198 laudillit
721 2155 839 2207 rexque,
855 2153 982 2210 paterque

281 2228 382 2280 Audisti
402 2229 510 2292 cotim,
529 2245 578 2280 nec
596 2227 679 2280 verbo
698 2227 801 2295 parcius
820 2228 933 2280 absens:

281 2314 382 2382 inspice
402 2315 425 2366 si
444 2315 547 2382 poffum
566 2317 662 2368 donata
680 2327 809 2382 reponere
828 2316 912 2368 laetus.

234 2399 270 2449 40
281 2397 356 2450 Haud
368 2398 437 2450 mal‘e
445 2399 634 2463 Telemachus,
645 2403 735 2467 proles
746 2400 870 2468 patientis
879 2399 994 2470 Ulyllei:
1090 2408 1091 2415 ’

282 2485 345 2536 Non
356 2483 392 2537 est
403 2501 478 2554 aptus
490 2484 564 2554 equis
575 2486 669 2536 Ithace
680 2487 806 2548 locus,ut
816 2503 901 2555 neque
912 2486 996 2554 planis

282 2569 420 2624 Porrectus
434 2569 539 2640 spatiis,
552 2587 638 2640 neque
652 2572 741 2623 multae
756 2571 881 2642 prodigus
894 2573 994 2630 herber

281 2653 390 2720 Atride,
404 2656 489 2727 magis
508 2672 568 2726 apta
587 2656 636 2716 tibi
655 2671 699 2708 tua
718 2656 786 2708 dona
805 2657 963 2726 relinquam.

283 2739 398 2793 Parvum
410 2759 491 2811 parva
502 2745 609 2795 decent:
619 2742 684 2794 milri
695 2741 748 2808 jam
757 2760 814 2795 non
822 2744 893 2812 regia
900 2745 995 2807 Roma,

235 2829 266 2881 45
283 2825 333 2876 Sed
344 2843 457 2878 vacuum
467 2828 549 2880 Tibur
560 2829 661 2898 placet,
673 2843 718 2878 aut
730 2827 835 2880 imbelle
844 2830 990 2884 Tarentum.

283 2914 425 2977 Strenuus,
436 2913 462 2964 δι
472 2911 549 2965 fortis
559 2953 566 2978 ,
578 2911 715 2981 causisque
728 2911 866 2982 Philippus
879 2913 982 2984 agendis
1015 2989 1020 2995 Ι
1090 2922 1091 2929 ’

284 3001 393 3064 Clarus,
409 3001 439 3052 ab
459 2997 552 3052 officiis
572 2997 693 3050 ollarum
713 2997 817 3051 circiter
835 3001 927 3053 huram

282 3083 354 3136 Dum
373 3083 459 3152 redit,
475 3099 553 3155 atque
573 3083 634 3147 foro
653 3081 767 3136 nimium
786 3084 877 3141 distare
894 3084 994 3140 Carinas
