2334 4067
325 516 594 594 ‘Ltdntr
645 511 742 596 Iis
838 543 906 616 229

178 628 318 690 Convivis
327 644 455 708 prebebit
465 662 560 715 aquam
568 647 683 700 :virium
691 647 744 700 hoc
752 660 859 715 quoque
869 643 1006 710 magnum·¹

177 716 280 787 Accipe
292 729 472 790 maevium
483 732 571 785 tenuis
584 751 644 802 quae
656 745 806 801 quantaque
819 730 908 781 secum
920 739 957 790 70

174 797 289 860 Afferat.
305 810 336 860 In
352 812 447 880 primis
463 819 552 869 valeas
567 820 634 870 bene
649 835 657 872 t
674 833 734 868 nam
748 813 831 868 variae
846 831 888 866 res

173 885 215 938 Ut
231 905 351 945 noceant
365 897 470 952 homini
480 939 487 963 ,
499 904 602 964 credas,
617 918 721 954 memor
736 900 808 952 iliius
825 901 907 962 esce,

172 971 245 1037 Quae
262 977 383 1046 simplex
398 983 465 1036 olim
483 986 533 1037 ribi
550 988 656 1040 sederit.
673 989 708 1040 Ar
724 985 804 1038 simui
822 985 888 1038 arsis

171 1057 321 1115 Miscuerit
339 1067 431 1132 elixa,
451 1069 533 1122 simul
552 1071 696 1140 conchylia
715 1071 818 1134 turdiS,

171 1143 273 1198 Dulcia
286 1147 353 1200 sein
364 1151 445 1205 bilem
454 1170 578 1218 vertent,
588 1155 779 1223 stomachoque
791 1147 946 1207 tumultum⁴

170 1227 257 1283 Lenta
276 1233 346 1286 feret
364 1236 470 1303 pituita.
491 1240 574 1292 Vides
595 1257 624 1292 ut
643 1241 757 1308 pallidus
776 1238 867 1290 omnis
919 1234 955 1301 76

169 1316 263 1368 Coena
284 1318 405 1388 desurgat
420 1323 503 1374 dubia
520 1327 532 1376 ἓ
551 1324 618 1392 quin
637 1341 734 1392 corpus
754 1322 877 1376 onustum

170 1398 311 1455 Hesternis
326 1403 404 1458 vitiis
418 1406 538 1458 animum
555 1425 663 1476 quoque
679 1423 827 1477 praegravat
840 1404 907 1470 und,

169 1487 263 1554 Atque
283 1488 366 1558 affigit
384 1490 470 1542 humo
488 1492 591 1543 divinae
610 1492 768 1559 particulam
787 1507 868 1562 aurae.

169 1571 269 1635 Alter,
286 1573 332 1625 ubi
350 1573 424 1626 dido
442 1575 522 1628 citit'rs
537 1582 632 1627 'curata
652 1574 744 1642 sopori
920 1572 955 1622 80

169 1656 299 1708 Membra
307 1658 501 1728 dedit,vegetns
511 1659 664 1728 prescripta
674 1661 706 1711 ad
714 1657 805 1710 munia
814 1657 906 1728 surgit.

170 1739 228 1791 Hic
239 1756 331 1792 tamen
343 1745 376 1794 ad
387 1744 482 1796 melius
496 1742 785 1812 poterit'transcurrete
798 1744 951 1811 quondamj

170 1825 241 1876 Sive
262 1826 332 1875 diem
351 1825 445 1885 festum
463 1828 570 1879 rediens
589 1829 728 1880 advexerit
746 1843 850 1890 annus,

170 1909 227 1960 Seu
247 1923 368 1960 recreare
386 1912 465 1962 volet
483 1923 622 1962 tenuatum
641 1927 738 1979 corpus
753 1929 762 1970 ;
779 1911 879 1981 ubique

167 1993 311 2047 Accedent
330 1992 413 2057 anni,
434 1996 461 2046 δι
480 1993 586 2048 τηᾶετὶ
605 1995 713 2051 mollitis
733 2012 795 2049 retas
919 1998 955 2068 ὃς,

168 2077 312 2132 Imbecifla
328 2081 413 2133 volet.
428 2079 490 2132 Tibi
506 2079 633 2149 quidnam
649 2084 754 2135 accedet
770 2084 801 2136 ad
816 2081 907 2145 istam,

168 2167 262 2232 Quam
280 2181 348 2234 puer
364 2165 392 2218 dt
405 2166 511 2218 validus
528 2167 666 2234 praesumis
682 2167 843 2226 mollitiem,
859 2166 906 2216 seu
981 2214 983 2218 .

164 2253 244 2304 Dura
261 2252 391 2303 valetudo
410 2245 554 2312 inciderit,
573 2251 620 2302 seu
639 2250 711 2302 tarda
730 2248 877 2302 senedius?

167 2335 319 2388 Rancidum
326 2353 421 2404 aprum
428 2335 534 2404 antiqui
542 2336 750 2400 laudabannnon
757 2335 818 2404 quia
825 2335 903 2388 nasus

168 2423 230 2475 luis
239 2426 328 2476 nullut
337 2437 395 2477 erat
400 2423 612 2487 rsed‚credo‚hac
622 2422 796 2493 menre,qudd
804 2423 902 2491 hospes
916 2433 951 2490 9ο

169 2508 287 2562 Tardit'tr
302 2512 449 2564 advenient
463 2510 589 2562 vitiatum
606 2511 791 2574 commodius,
804 2509 882 2578 quim

171 2595 311 2662 integrum
323 2595 391 2646 edax
402 2593 528 2663 dominus
543 2592 723 2646 consumeret.
731 2593 789 2644 Hos
800 2594 900 2655 utinam
912 2593 982 2648 inter

170 2680 282 2732 Heroas
303 2691 394 2730 natum
413 2681 492 2731 tellus
511 2695 555 2730 me
574 2675 660 2744 prima
679 2675 801 2731 tulisset!

169 2762 228 2816 Das
248 2761 350 2831 aliquid
367 2763 462 2826 famae,
478 2780 536 2831 quae
557 2761 675 2814 carmine
693 2760 794 2832 gratior
812 2779 901 2818 aurem

109 2834 115 2849 ⁸
169 2848 295 2916 Occupat
311 2848 455 2900 humanam
469 2851 480 2900 i
497 2848 608 2916 grandes
625 2846 731 2898 rhombi
747 2849 896 2918 patinaeque
914 2859 951 2920 951

169 2931 280 2985 Grande
298 2933 388 2985 ferunt
405 2931 459 2984 una
478 2947 538 2982 cum
557 2932 655 2982 damno
674 2933 795 2984 dedecus.
814 2934 886 2986 Adde

168 3019 272 3070 Irarum
291 3031 435 3084 patruum,
455 3015 582 3077 vicinos,
604 3028 631 3066 te
650 3014 700 3067 tibi
721 3015 861 3082 iniquum,

165 3101 203 3158 Et
221 3099 315 3156 fntstra
333 3102 430 3156 mortis
449 3100 593 3170 cupidum,
607 3115 687 3168 quum
708 3100 792 3154 deerit
810 3091 899 3179 egenti
