2334 4067
367 542 589 612 erna
646 516 676 609 1}
814 552 879 624 271

162 656 235 726 Quo
251 657 452 720 circumvolitas
465 665 541 737 agilis
555 665 648 735 thyma
659 665 670 717 ?
681 663 745 716 Non
758 659 807 713 ribi
821 673 934 728 patrum

158 743 302 816 Ingenium
310 768 382 815 ,non
393 751 523 805 incultum
534 751 583 815 est,
592 765 640 802 nec
652 747 765 816 turpiter
773 746 883 800 hirtum.

160 832 215 885 Seu
234 835 353 906 linguam
374 837 460 890 causis
479 837 571 900 acuis,
588 836 634 888 seu
653 834 740 886 civica
758 831 815 900 juta

159 917 333 989 Respondete
351 939 444 991 paras,
457 923 502 976 seu
521 919 613 974 condis
633 918 744 972 amabile
763 933 883 980 carmen,
980 985 984 993 Ι

161 1002 252 1056 Prima
271 1006 340 1058 seres
358 1008 442 1059 ederae
461 1005 580 1060 uesicis
599 1004 718 1073 premia.
737 1001 819 1070 Qudd
838 1003 861 1054 si
898 1010 930 1062 ²5

158 1078 266 1160 'Frigida
285 1109 405 1146 curarum
423 1094 543 1147 fomenta
561 1093 710 1162 relinquere
729 1089 833 1160 posses,

160 1175 228 1242 Quo
245 1192 273 1230 te
292 1179 408 1232 coelestis
427 1177 554 1247 sapientia
573 1180 698 1242 duceret,
716 1178 779 1232 ires.

160 1260 222 1314 Hoc
230 1263 364 1330 opus,lroc
371 1263 482 1316 studium
491 1263 568 1331 parvi
577 1279 750 1333 properemus
761 1263 786 1314 δι
793 1263 885 1332 ampli,

162 1347 192 1398 Si
211 1347 305 1416 patriae
322 1350 468 1412 volumus,
485 1347 510 1400 si
528 1347 719 1422 nobisvivete
738 1348 801 1402 cari.

161 1433 251 1485 Debes
271 1433 325 1486 hoc
343 1431 424 1484 etiam
442 1432 602 1496 rescribere,
618 1431 641 1484 si
660 1433 708 1484 tibi
728 1449 817 1498 cutae,
898 1437 933 1491 30

162 1520 278 1585 Quanta
297 1517 461 1579 conveniat,
476 1516 612 1569 Munatius
627 1533 635 1575 ;
652 1533 687 1568 an
705 1520 774 1570 male
793 1519 858 1570 sarta

161 1605 258 1660 Gratia
272 1605 451 1674 nequidquam
465 1603 538 1669 coit,
548 1603 575 1656 δι
588 1602 743 1656 rescinditur
756 1605 767 1656 ἓ
782 1607 817 1657 At
830 1623 883 1658 vos

161 1693 214 1743 Seu
232 1690 332 1743 calidus
350 1691 473 1761 sanguis,
488 1690 534 1742 seu
553 1701 641 1742 rerum
661 1689 764 1744 inscitia
782 1706 865 1743 vexat

160 1777 295 1830 indomiti
314 1776 418 1829 cervice
437 1777 529 1838 seros,
546 1775 705 1846 ubicumque
724 1778 846 1831 locorum

161 1862 283 1926 Vivitis,
299 1861 403 1930 indigni
421 1861 565 1912 fraternum
582 1879 704 1928 rumpere
723 1864 825 1929 soedus,
896 1867 927 1921 35

161 1946 281 2002 Pascitur
298 1944 328 1997 in
344 1943 459 1997 vestrum
478 1943 591 1996 reditum
609 1945 705 1998 votiva
724 1945 846 2014 juvenca.

173 2086 881 2145 &mmm-n·

249 2227 630 2314 Ertsrorr
702 2223 829 2308 IV,

194 2403 269 2468 'AD
300 2365 522 2465 ararum
554 2402 848 2466 TIBULLUM.
889 2461 893 2468 .

166 2554 238 2611 Eum
259 2550 380 2619 laudat,
400 2567 538 2628 monetque
561 2567 592 2608 ut
614 2549 654 2606 ita
677 2549 779 2618 uiuat,
804 2551 884 2628 quasi

242 2649 246 2656 ’
379 2645 498 2729 'quotidie
518 2647 666 2707 moriturus.

165 2741 316 2868 Αωι,
329 2801 478 2857 nostrorum
495 2803 647 2856 sermonum
664 2801 770 2854 candide
785 2802 881 2870 judex,

165 2891 238 2955 Quid
251 2904 324 2940 nunc
338 2902 365 2941 te
379 2888 464 2940 dicam
478 2889 563 2940 facere
577 2887 606 2939 in
620 2887 728 2958 regione
740 2889 863 2943 Pedana?

165 2973 283 3025 Scribere
296 2974 368 3040 quod
380 2972 455 3024 Cassi
468 2972 616 3024 Parmensis
631 2973 755 3041 opuscula
768 2973 881 3032 vincat?

163 3062 206 3111 An
225 3056 334 3107 tacitum
352 3056 441 3124 sylvas
460 3057 530 3123 inter
548 3072 652 3124 reptare
671 3058 801 3124 salubres,

165 3147 307 3200 (iurantem
317 3140 444 3211 quidquid
452 3142 559 3212 dignum
570 3142 686 3212 sapiente
695 3143 819 3216 bonoque
828 3145 881 3202 est?
915 3162 925 3212 5

654 3235 683 3286 M
703 3233 730 3292 iv
