2334 4067
309 448 378 524 288
453 454 882 525 Ensrorrnvn

312 601 1043 674 empne-„racaneto-

323 867 327 874 Α
391 708 728 837 Enteronr
779 743 944 836 XIIL

329 931 405 994 AD
447 931 701 992 VINNIUM
736 924 1020 990 ASELLAM.
1092 957 1093 1016 l

310 1075 408 1134 Monet
424 1091 454 1134 ur
465 1073 532 1155 suos
544 1076 667 1158 Augusto
687 1073 771 1134 libros
789 1073 849 1132 loce
868 1070 1050 1130 &decenter

618 1174 717 1256 offerat.

311 1263 405 1385 Ur
423 1324 635 1396 proficiscentem
653 1329 732 1384 docui
751 1342 778 1382 te
796 1325 883 1395 saepe‚
898 1323 1023 1394 diuque,

312 1411 429 1482 Augusto
448 1417 539 1468 reddes
558 1417 661 1484 signata
678 1413 838 1473 volumina,
852 1409 961 1474 Vinni,

314 1496 342 1547 Si
359 1497 482 1563 validus,
498 1495 522 1552 si
540 1503 618 1553 laetus
636 1500 705 1565 erit,
723 1497 747 1552 si
766 1497 881 1566 denique
900 1493 1023 1566 poscet:

313 1583 355 1647 Ne
373 1581 458 1636 studio
477 1584 558 1638 nostri
577 1603 690 1656 pecces,
707 1583 853 1651 odiumque
871 1580 973 1633 libellis

285 1684 299 1735 5
315 1667 424 1720 Sedulus
443 1667 572 1736 importes
592 1669 674 1738 operi
691 1670 849 1722 vehemente
868 1663 1003 1720 minister.

309 1752 344 1803 'Si
362 1766 389 1804 te
407 1751 477 1804 forte
496 1769 561 1806 meae
580 1755 668 1824 gravis
687 1769 745 1806 uret
764 1751 863 1805 sarcina
883 1751 1009 1814 elram,

315 1835 431 1901 Abjicito
450 1837 561 1906 potitis,
578 1838 676 1908 quim,
693 1835 747 1908 qui)
767 1839 881 1906 perferre
900 1834 1028 1903 juberis,

317 1920 436 1974 Clitellas
454 1922 524 1974 ferus
544 1921 695 1993 impingas,
710 1923 851 1990 Asinaeque
870 1935 1019 1988 paternum
1092 1969 1093 1972 ,

319 2009 479 2074 Cognomen
497 2023 586 2059 vertas
606 2008 634 2058 in
653 2007 753 2072 risum,
769 2008 795 2058 &
810 2005 898 2060 fabula
913 2001 976 2080 fias.

274 2109 307 2148 10
318 2091 426 2145 Viribus
444 2091 526 2142 uteris
546 2107 593 2159 per
612 2093 718 2156 clivos,
737 2091 867 2154 flumina,
886 2092 982 2142 lamas.

320 2177 414 2231 Victor
432 2172 570 2245 propositi
584 2175 663 2227 simul
682 2193 712 2228 ac
730 2176 884 2246 perveneris
903 2176 994 2238 illuc,

322 2264 475 2331 sepositum
493 2259 608 2315 servabis
628 2279 696 2316 onus
715 2281 722 2316 ε
743 2279 775 2314 ne
795 2261 864 2314 fort'e
884 2261 930 2314 sub
950 2265 995 2314 ala
1052 2302 1053 2305 ,

322 2347 483 2398 Fasciculum
498 2359 589 2414 portes
603 2347 746 2410 librorum,
757 2363 786 2400 ut
801 2346 910 2398 rusticus
926 2364 1030 2416 agnum
1042 2383 1053 2413 ,

323 2433 362 2484 Ut
381 2431 474 2482 vinosa
492 2434 597 2500 glomus
616 2434 720 2486 furtivae
738 2433 849 2502 Pyrrhia
866 2435 951 2497 lanae,

280 2516 363 2588 151st
380 2530 440 2566 cum
458 2513 560 2581 pileolo
579 2515 663 2566 soleas
683 2517 800 2566 conviva
818 2513 944 2566 tribulis:

325 2600 386 2650 Neu
403 2599 486 2666 vulgo
505 2614 593 2650 narres
613 2613 639 2651 te
657 2595 787 2664 sudaviffe
802 2599 910 2651 ferendo

327 2683 468 2746 Carmina,
484 2699 541 2752 quae
555 2681 661 2752 possunt
676 2685 768 2736 oculos
784 2683 908 2752 auresque
923 2681 1027 2735 morari

328 2769 448 2822 Caesaris.
467 2769 566 2820 Oratus
584 2769 668 2822 multi
686 2786 762 2838 prece
781 2769 865 2822 nitere
883 2785 987 2837 porro:

328 2855 481 2920 ‚Vadeffale
489 2873 498 2909 r
507 2869 572 2910 cave
583 2870 618 2908 ne
629 2855 739 2919 titubes,
748 2857 918 2924 mandataque
928 2854 1047 2924 frangas.

682 2998 705 3054 ὑ

832 3137 1046 3190 Ertsronn
