2334 4067
259 454 329 543 ηὰ
471 461 771 531 Enouou

255 574 313 629 illic
331 576 433 645 injuffae
451 582 566 637 veniunt
584 586 616 637 ad
634 583 745 638 munta
763 583 891 651 capeliae‚'
978 590 982 596 ’

212 670 245 721 50
329 663 470 734 Refer-tque
489 682 568 721 tenta.
580 685 646 739 grex
664 668 764 721 amicus
782 670 884 728 uberat

256 748 312 799 Nec
331 750 498 818 vespertinus
517 752 703 823 circumgemit
721 754 795 806 ursus
813 752 910 815 ovile,

328 834 385 887 Nec
404 836 555 899 intumescit
574 841 629 901 alte
645 838 748 907 viperis
757 839 883 896 bunius:

257 918 385 987 Pluraque
405 922 501 987 felices
516 922 670 975 mirabimur
682 943 695 983 p
707 939 736 975 ut
755 938 842 990 neque
859 918 950 989 largis

329 1007 451 1075 Aquosus
471 1008 554 1060 Eurus
573 1025 636 1060 arva
655 1010 726 1059 radat
744 1006 870 1059 imbribus
883 1026 899 1063 ς.
950 1015 955 1020 ’

212 1098 240 1149 55
258 1088 373 1160 Pinguia,
388 1108 438 1143 nec
456 1092 537 1145 siccis
552 1108 664 1145 urantur.
679 1093 779 1145 semina
797 1091 879 1160 glebis
892 1108 903 1152 5

330 1176 478 1243 Utrumque
497 1193 558 1247 rege
577 1191 739 1245 temperante
759 1176 889 1229 coetitum.

257 1262 320 1317 Non
339 1260 392 1311 huc
410 1262 501 1329 Argoo
520 1262 658 1315 contendit
675 1262 775 1331 remige
793 1262 892 1329 pinus,

330 1346 424 1413 Neque
442 1346 575 1414 impudica
595 1346 704 1399 Colchis
724 1347 815 1399 intulit
832 1347 926 1413 pedem
941 1362 955 1398 t

258 1431 322 1481 Non
341 1430 391 1481 buc
411 1430 514 1483 Sidonii
533 1431 666 1483 torserunt
684 1448 783 1483 cornua
801 1446 903 1495 naute,

211 1513 246 1566 60
331 1512 472 1567 Laboriosa
492 1532 540 1567 nec
560 1518 657 1567 cohors
674 1514 799 1583 Ulyffei:
840 1536 844 1541 ·

260 1602 339 1654 Nulla
358 1616 455 1651 nocent
475 1600 568 1667 pecori
586 1599 707 1668 contagia
722 1618 734 1659 ;
749 1600 847 1653 nullius
866 1600 925 1655 astri

334 1686 450 1753 Gregent
471 1683 577 1736 aestuosa
597 1700 681 1737 torret
700 1684 868 1753 impotentia.

259 1768 362 1834 Jupiter
381 1768 426 1820 illa
445 1768 496 1837 piae
515 1768 630 1821 secrevit
646 1769 737 1821 littora
756 1770 847 1839 genti,

305 1838 309 1849 ’
333 1853 371 1905 Ut
390 1852 541 1921 inquinavit
560 1870 611 1905 aere
630 1870 735 1921 tempus
753 1872 879 1915 aureum,

214 1936 246 2001 65
261 1938 321 1991 AEte
329 1972 339 1997 ,
356 1938 449 1991 dehinc
467 1940 538 1993 ferto
557 1939 662 1991 duravit
681 1940 765 1991 secula
775 1977 785 2002 ,
796 1956 912 2010 quorum

336 2022 389 2078 Piis
408 2024 538 2093 secunda,
555 2039 617 2081 vate
636 2041 698 2088 me,
717 2026 791 2078 datur
808 2024 883 2094 iuge
