2334 4067
253 550 323 623 320
395 535 822 608 Errsroranvn

176 638 179 645 ’
251 650 364 709 Audebit
375 659 547 728 quecumque
558 676 651 730 parurn
664 651 810 729 splendoris
821 639 964 706 habebunt
977 651 991 713 ζ

249 735 285 787 Et
295 737 354 789 tine
362 742 480 807 pondere
490 747 718 809 erunt,&honore
728 741 834 811 indigna
841 739 987 794 serentur,

251 819 339 873 verba
355 839 466 880 movere
481 830 562 895 loco,
576 828 700 900 quamvis
717 826 802 880 invita
817 825 967 886 recedant,

250 903 286 956 Et
301 907 441 961 versentur
456 913 540 966 adhue
557 913 626 966 intro
643 911 787 982 penetralia
799 900 899 962 Veste.

191 989 400 1052 inobscurato
415 994 460 1047 diu
474 999 578 1066 populo
593 999 678 1052 bonus
693 1009 783 1060 eruet,
793 1009 871 1063 atque

255 1070 423 1131 Prosetet'in
441 1083 529 1135 lucem
545 1082 664 1151 speciose
680 1082 812 1136 vocabula
829 1095 937 1140 rerum,

254 1161 324 1226 Quae
335 1162 428 1232 priscis
439 1181 584 1218 memorata
594 1165 738 1220 Catonibus
750 1179 828 1234 atque
838 1161 970 1232 Cethegis
977 1199 991 1228 ,

254 1246 334 1299 Nunc
350 1247 419 1302 situs
431 1248 555 1304 informis
569 1249 682 1319 premit,
696 1251 722 1303 δι
736 1249 835 1302 deserta
850 1247 988 1301 venustas.
1010 1239 1013 1241 ’

255 1331 390 1386 Adscisctt
403 1349 492 1398 novt,
503 1349 561 1403 quae
576 1334 682 1406 genitor
695 1332 852 1404 produxerit
866 1333 928 1384 usus
939 1351 952 1392 3

195 1414 424 1481 nevelonem,
432 1417 594 1487 &liquidus,
603 1433 723 1489 puroque
733 1417 885 1471 simillimus
896 1414 995 1480 amni,

258 1502 360 1554 Fundet
374 1519 456 1571 opes,
469 1503 625 1572 Latiumque
641 1503 727 1557 beabit
741 1503 825 1556 divite
840 1501 945 1571 lingui.

259 1585 434 1639 Luxuriantia
450 1589 617 1658 compescet,
630 1587 710 1641 nimis
726 1588 815 1656 aspera
830 1585 896 1640 sano
948 1589 951 1594 ‘

259 1669 380 1723 Laevabit
397 1674 487 1738 cultu,
500 1672 601 1728 virtute
619 1673 733 1727 carentia
750 1675 849 1732 tollet;

261 1752 388 1806 Ludentit
404 1755 519 1822 speciem
534 1756 624 1823 dubit,
637 1759 664 1810 δι
676 1757 857 1827 torquebitur,
872 1771 902 1810 ut
917 1755 969 1826 qui

201 1851 249 1904 ¹25
264 1838 489 1907 NuntSatyrum,
498 1856 568 1894 nunc
579 1842 706 1912 agrestem
717 1845 837 1913 Cyclopa
847 1857 993 1896 movetur.

264 1923 427 1978 Praetulerim
441 1925 556 1994 scriptor
568 1927 666 1980 delirus
680 1927 801 1997 inersque
814 1925 917 1990 videri,

265 2012 340 2062 Dum
352 2026 411 2062 ntea
421 2010 551 2063 delestent
562 2014 631 2064 mela
642 2015 748 2074 me,vel
761 2011 873 2080 denique
883 2012 998 2076 fallant,

266 2094 356 2162 Quem
367 2095 473 2164 supere,
483 2095 510 2147 δι
520 2093 600 2164 tingi.
609 2094 667 2146 Fuit
677 2096 748 2148 haud
760 2095 885 2166 ignobilis
896 2095 999 2168 Argis,

267 2181 326 2247 Qui
341 2181 369 2233 se
384 2180 503 2234 credebat
517 2177 603 2231 miros
621 2177 711 2231 audire
727 2181 877 2250 tragoedoS,

196 2261 300 2330 'tzoln
313 2283 400 2320 vacuo
415 2269 490 2319 letus
508 2264 588 2318 seffor
604 2264 762 2334 plausorque
780 2267 902 2318 theatro:

271 2355 365 2404 Cetera
382 2351 429 2418 qui
443 2349 510 2402 vitet
525 2350 642 2402 servaret
658 2349 748 2402 munia
764 2350 838 2402 reslo

270 2437 351 2490 More
363 2453 373 2494 ·‚
387 2437 473 2488 bonus
489 2433 550 2486 sane
565 2433 690 2496 vicinus,
704 2435 823 2486 amabilis
838 2433 953 2502 hospes,

251 2530 253 2532 ’
271 2519 366 2574 Contis
381 2518 412 2572 in
425 2535 559 2577 uxoremt
574 2517 659 2586 posset
675 2517 721 2586 qui
738 2518 873 2588 ignoscere
888 2519 997 2586 servis,

272 2608 305 2659 Et
322 2607 400 2676 signo
418 2603 482 2658 laeso
500 2620 556 2656 uon
573 2602 689 2657 insanire
706 2605 827 2673 lagenaet

211 2700 260 2758 135
273 2691 360 2744 Posset
377 2687 424 2759 qui
439 2705 534 2757 rupem
550 2689 576 2741 bt
590 2701 699 2756 puteum
714 2688 802 2740 vitate
817 2701 967 2756 patentem.

274 2777 327 2831 Hic
340 2775 391 2833 {uhi
406 2788 581 2843 cognatorum
598 2771 711 2840 opibus,
726 2773 846 2842 curisque
862 2775 998 2840 refertus,

274 2859 385 2930 Expulit
398 2859 535 2912 helleboro
551 2857 690 2920 morbum,
703 2856 835 2926 bilemque
851 2875 979 2925 meraco,

276 2949 309 3000 Et
324 2945 392 2998 redit
406 2943 439 2996 ad
454 2942 509 2996 sese
524 2959 533 2996 t
549 2941 616 3004 Pol,
631 2957 674 2993 nte
691 2940 837 3005 occidistis,
851 2941 947 3006 amici,

277 3036 341 3086 Non
357 3026 476 3084 servastis
487 3065 497 3092 ,
510 3025 564 3089 ait,
577 3024 621 3079 cui
638 3024 676 3080 sic
693 3039 799 3078 extorta
815 3028 958 3094 voluptas,

217 3121 311 3182 t4oEt
326 3119 447 3188 demptus
463 3110 584 3184 pervim
600 3110 698 3166 mentis
714 3111 878 3182 gratissimus
895 3129 982 3169 error.
