2334 4067
298 521 305 532 ·
371 498 441 573 'Lr
464 520 491 572 n
516 521 594 573 art
645 499 705 572 ΙΙ.
800 507 896 595 ⁷²25

145 619 284 693 “Va'gind
301 621 386 678 tesius
404 645 412 680 t
432 643 513 695 quem
530 643 576 680 cur
594 625 746 695 distringere
764 639 865 687 coner,

180 709 268 762 Tutus
286 711 317 762 ab·
334 710 435 764 infestis
454 713 628 768 latronibus?
647 712 698 766 01
717 726 791 780 patet
810 711 837 764 dt
854 723 903 762 tex

73 828 76 832 ·
179 797 301 866 Jupiter,
317 813 349 852 ut
366 814 457 867 pereat
475 799 596 868 positum
615 799 737 868 rubigine
755 802 856 862 telum,

178 884 237 936 Nec
249 885 388 970 quisquam
401 900 498 938 noceat
508 885 606 954 cupido
616 884 684 940 mihi
695 883 767 953 pacis
779 889 785 939 i
799 885 899 946 atille,

114 983 117 988 ·
178 967 236 1035 Qui
252 987 295 1022 nte
311 970 455 1024 commorit
465 971 578 1038 (melius
589 987 647 1024 non
660 985 783 1040 tangere,-
795 971 899 1038 clamo)
912 975 947 1029 45

178 1054 282 1118 flebit,
296 1055 324 1106 dr
340 1055 454 1126 insignis
473 1056 531 1110 totd
551 1055 699 1110 cantabitur
717 1057 791 1110 urbe.

89 1163 93 1168 ·
181 1140 295 1192 Cervius
314 1140 395 1194 iratus
415 1143 487 1211 leges
506 1141 665 1206 minitatur,
681 1142 709 1194 δι
724 1156 838 1200 uruam3
862 1153 866 1158 ·

181 1225 294 1278 Canidia
310 1225 423 1291 Albuci,
438 1227 533 1295 quibus
552 1225 590 1278 est
608 1226 734 1290 inimica,
747 1239 902 1280 venenum

167 1311 289 1364 ¹Grande
299 1313 399 1364 malum
407 1311 520 1374 Turius,
531 1311 555 1364 si
566 1296 646 1379 quid,
657 1311 683 1364 se
694 1310 796 1377 judice,
806 1325 901 1363 certes.

178 1397 233 1459 Ut,
244 1413 299 1464 quo
310 1396 423 1465 quisque
433 1399 521 1459 valet,
534 1395 668 1462 suspedios
680 1409 790 1459 terreat,
800 1409 883 1464 utque
904 1405 950 1458 ’ἧι

179 1479 294 1546 imperet
307 1482 360 1533 hoc
372 1481 471 1534 Natura
485 1493 600 1547 potens,
610 1477 649 1530 sic
664 1477 760 1548 collige
775 1494 890 1532 mecum.

153 1573 162 1595 ·'
181 1565 268 1617 Dente
279 1569 370 1634 lupus,
377 1583 462 1619 cornu
474 1580 565 1617 taurus
575 1561 653 1631 petit.
662 1563 751 1622 Unde,
758 1561 811 1628 nisi
822 1561 908 1626 intus,

154 1692 158 1702 ff
180 1650 355 1702 Monstramm
372 1655 383 1705 t
400 1652 498 1704 Seaevae
516 1649 641 1702 vivacem
660 1649 736 1700 crede
754 1646 869 1715 nepoti·

181 1736 314 1794 Matrem
324 1737 364 1788 nil
377 1733 574 1792 facietssceleris
588 1732 631 1803 pia
642 1734 758 1788 dextera.
768 1733 892 1786 Mirum?

71 1893 72 1896 Ἴ
175 1821 220 1872 Ut
229 1837 315 1888 neque
327 1823 398 1875 calce
406 1823 484 1887 lupus
495 1836 760 1889 quemquam‚neque
769 1821 848 1872 deute
856 1818 924 1888 petit
932 1821 981 1872 hos

179 1906 233 1956 Sed
251 1909 320 1958 mala
338 1907 417 1961 tollet
434 1921 513 1959 anum
531 1903 630 1956 vitiato
648 1905 838 1970 melle-cicuta.
917 1907 950 1972 56

176 1992 224 2061 ¹Ne
242 1992 355 2060 longum
374 1988 485 2052 faciam,
500 1988 546 2040 seu
564 2003 608 2040 me
627 1989 764 2056 tranquilla
782 1987 902 2044 seneclus

73 2075 76 2082 '
157 2066 338 2145 ''Exspectan
354 2073 400 2126 seu
418 2089 490 2125 mors
511 2071 574 2124 atris
594 2071 769 2127 circumvolat
788 2075 856 2138 αἱίς,ι
899 2092 901 2097 ’

178 2160 279 2224 Dives,
289 2159 386 2228 inops,
395 2157 503 2221 Roma,
513 2156 559 2210 seu
568 2157 625 2209 sors
637 2157 673 2210 ita
685 2157 785 2222 jusserit
793 2195 801 2221 ‚
810 2159 901 2222 exsul,

178 2245 307 2314 Quisquis
319 2244 370 2297 etit
380 2243 446 2295 vita
459 2240 570 2293 scribam
582 2243 668 2294 color.
679 2239 706 2292 0
716 2245 722 2294 l
733 2257 813 2310 puer,
823 2255 853 2296 ut
864 2243 900 2296 sis
913 2243 950 2298 60

178 2332 277 2384 Vitalis
296 2344 409 2396 metuo,
426 2325 604 2392 &majorum
623 2341 657 2401 tte
675 2325 734 2395 'quis
754 2327 853 2382 amicus

137 2427 141 2438 '
180 2415 290 2483 Frigore
304 2413 429 2467 referiat.
442 2410 537 2478 Quid?
551 2428 635 2480 quum¹
645 2410 681 2464 est
693 2411 899 2466 Luciliusausus

169 2501 286 2555 ‘Primus
297 2500 328 2552 iu
338 2501 409 2552 hunc
421 2497 510 2566 operis
523 2499 686 2565 componere
697 2497 813 2552 carmina
824 2513 927 2550 morem
937 2508 948 2564 ,·

158 2602 161 2624 ³
181 2587 328 2638 Detrahere
338 2587 365 2637 dt
375 2587 487 2652 pellem,
497 2583 597 2635 nitidus
610 2582 660 2650 qui
671 2582 781 2650 quisque
793 2599 841 2652 pet
851 2600 898 2645 ora

153 2712 156 2721 ,
182 2673 312 2733 cederet,
321 2669 462 2723 introrsum
475 2667 580 2736 turpis3
593 2685 656 2720 nuru
667 2669 777 2731 Lalius,
787 2686 830 2724 aut
842 2671 888 2740 qui
909 2675 941 2740 65

180 2756 318 2811 Duxitab
334 2753 453 2822 oppressa
468 2753 592 2808 meritum
608 2753 764 2824 Carthagine
780 2773 880 2810 nomeu

160 2841 293 2912 ‘ingenio
313 2839 409 2893 offensi
421 2841 431 2903 ,'
445 2853 489 2891 aut
507 2839 571 2890 laet'o
591 2837 698 2892 doluere
717 2839 848 2904 Metello,
889 2873 894 2903 ;

181 2914 351 2994 famosisque
369 2926 444 2992 Lupo
464 2939 595 2991 cooperto
614 2925 735 2980 versibus
753 2930 763 2978 ἓ
783 2926 857 2995 atqui

181 3012 316 3067 Primores
328 3010 421 3078 populi
432 3008 558 3076 arripuit,
568 3014 751 3079 populumque
762 3011 879 3066 tributim
889 3032 898 3072 3

178 3097 290 3160 Scilicet
309 3096 355 3154 uni
373 3112 463 3168 aequus
480 3093 595 3160 virtuti,
609 3111 686 3165 atque
704 3094 762 3162 ejus
782 3096 882 3156 emitis.
913 3110 951 3160 70,

691 3185 808 3243 Ku-
