2334 4067
280 504 345 579 186
419 514 848 585 surranum

246 641 256 692 ς
271 630 350 685 Miles
369 632 424 697 ait.
440 638 527 691 multo
545 635 600 704 iam
618 636 716 691 stadius
734 636 850 690 membra
868 634 979 687 labore.

161 790 166 802 x
272 717 373 771 Contrd
392 718 538 787 mercator}
553 724 646 775 navim
664 722 820 790 jactantibus
835 718 954 780 Austris,

272 800 532 873 Militiaestpotior:
545 808 709 875 quidecim.
703 812 713 848 >
724 806 903 863 concurritur:
913 806 999 872 hor?

272 886 414 941 Momenro
434 890 485 943 cira
503 908 576 944 mors
595 892 689 956 venit
705 909 751 947 aut
768 892 881 947 victoria
898 892 974 962 lata·

271 968 432 1039 Agricolam
445 975 557 1050 laudat
550 977 617 1043 jutia
634 968 776 1049 legumque
794 977 916 1055 peritus,

227 1068 259 1107 to
271 1054 323 1108 Sub
342 1056 404 1127 galli
422 1074 527 1112 cantum
547 1063 684 1115 consultor
700 1064 745 1116 ubi
764 1062 828 1115 ostia
846 1060 951 1128 pulsat}

230 1141 328 1205 lile,
335 1144 403 1195 datis
412 1144 521 1199 vadibus
534 1146 580 1216 qui
592 1164 652 1199 rure
662 1135 811 1200 extrastus
804 1164 833 1197 ru
842 1146 935 1251 utbctn
944 1142 997 1207 est,

272 1227 350 1280 Solos
370 1229 459 1283 felices
478 1230 603 1283 viventes
622 1232 743 1284 clamat'
735 1248 764 1284 m
775 1227 856 1283 urbe.
1096 1279 1097 1306 χ

272 1314 365 1367 Cetera
376 1317 408 1367 de
420 1332 514 1385 genere
525 1316 591 1380 hoc,
598 1318 664 1369 adeo
675 1317 735 1368 sunt
745 1318 828 1368 multa
833 1270 1001 1385 ‚toquicem‘
1096 1309 1097 1336 ¹

272 1396 404 1454 Delassate
422 1404 513 1453 valent
531 1402 648 1455 Fabium.
664 1402 706 1452 Ne
723 1414 751 1452 re
769 1417 873 1464 morer,
883 1398 963 1461 audi,

227 1500 256 1554 15
272 1483 334 1551 Quo
348 1503 403 1538 rem
418 1486 592 1539 deducam'Si
607 1485 667 1557 quis
680 1486 818 1549 Deus,En
830 1484 995 1555 ego,‘dicat,

271 1571 285 1625 J
288 1588 330 1621 am
340 1571 434 1625 faciam
446 1573 518 1641 quod
527 1570 610 1625 vultis
618 1590 627 1629 r
636 1570 689 1624 eris
700 1587 730 1624 tu
737 1610 744 1634 ‚
752 1570 799 1639 qui
810 1567 892 1623 modo
902 1569 997 1631 miles,

272 1656 405 1709 Mercator
410 1674 419 1715 3
428 1671 457 1708 tu
464 1694 472 1719 ,
480 1656 614 1710 consultus
624 1653 835 1720 modd,rusticus
842 1672 849 1707 r
857 1652 998 1716 hincvoa,

273 1740 330 1793 Vos
348 1740 411 1793 hinc
429 1740 682 1795 muratisdiscedite
700 1740 828 1809 partibus.
844 1739 911 1801 Eia,

273 1824 348 1897 Quid
364 1824 435 1877 statis
451 1828 462 1879 ἓ
479 1825 589 1887 nolint:
606 1827 680 1895 atqui
697 1824 762 1878 licet
780 1822 831 1877 effe
848 1822 941 1891 beatis.

226 1922 260 1959 ao
272 1908 344 1974 Quid
362 1910 443 1962 causae
461 1910 511 1974 est,
521 1908 619 1964 merito
635 1910 701 1979 quin
716 1910 770 1962 inis
784 1907 889 1976 Jupiter
901 1907 996 1959 ambas
1096 1915 1097 1922 ’

272 1994 354 2046 Iratus
372 1994 466 2047 buccas
484 1994 578 2057 inflet,
594 2011 680 2062 neque
700 1994 725 2046 se
743 1996 802 2046 fore
819 1991 928 2061 posthac

272 2080 339 2131 Tam
357 2078 460 2133 facilem
478 2078 566 2141 dicat,
581 2078 656 2131 votis
676 2094 705 2129 ut
724 2080 838 2145 praebeat
855 2092 945 2129 eurem
959 2078 989 2131 d„

273 2164 420 2227 Praeter,
436 2180 470 2215 ne
488 2164 545 2225 sic,
560 2175 591 2213 ut
609 2160 654 2231 qui
672 2161 817 2228 jocularia,
831 2161 919 2213 ridens

273 2250 427 2301 percurram
442 2266 450 2301 t
465 2262 624 2315 quamquem
643 2244 773 2300 ridentem
790 2246 877 2299 dicere
894 2262 995 2302 verum
1096 2303 1097 2306 ,

227 2346 257 2395 ²5
273 2332 345 2397 Quid
359 2345 432 2383 vetat
443 2333 454 2383 ?
466 2345 495 2381 ut
511 2330 602 2397 pueris
618 2330 686 2382 olim
701 2332 763 2382 dant
777 2329 888 2383 crustula
902 2330 995 2383 blandi

273 2416 423 2478 Dotiores,
440 2416 571 2466 elementa
588 2413 676 2467 velint
693 2429 723 2468 ut
741 2415 839 2467 discere
857 2414 953 2484 prima.

274 2502 325 2553 Sed
344 2515 432 2551 tameo
451 2513 542 2550 amoto
562 2515 709 2567 quaeramus
728 2497 795 2553 seria
811 2501 886 2553 ludo.

274 2586 320 2637 lile
336 2595 446 2655 ‘gravem
465 2586 532 2637 duro
551 2596 648 2637 terram
667 2582 715 2653 qui
731 2584 815 2637 verr-ie
832 2572 937 2649 aratro,

274 2670 391 2725 Perfidus
408 2670 453 2723 hic
471 2687 571 2739 caupo,
581 2670 673 2733 miles,
683 2684 821 2739 nautaeque
837 2687 885 2739 per
900 2689 983 2726 omne

229 2767 262 2821 30
275 2754 392 2807 Audaces
410 2771 482 2807 mare
501 2754 547 2822 qui
565 2755 747 2816 currunt‚hac
765 2770 855 2808 mente
872 2758 996 2813 laborem

276 2841 337 2893 Sese
355 2840 444 2899 terre,
462 2838 536 2891 senes
555 2852 586 2893 ur
603 2837 633 2890 io
651 2838 707 2890 otia
725 2852 782 2893 tuta
800 2842 940 2905 recedant,

276 2928 376 2989 Aiunt,
392 2940 475 2995 quum
493 2922 544 2976 sibi
562 2922 617 2975 sint
634 2924 757 2991 congesta
775 2923 891 2978 cibaria:
907 2926 977 2978 sicut

276 3010 399 3073 Parvula,
406 3022 467 3061 tram
477 3008 603 3076 exemplo
614 3006 658 3069 ert,
668 3008 755 3077 magui
766 3009 877 3063 formica
885 3009 997 3076 laboris,¹

277 3094 333 3151 Ore
344 3094 423 3152 trahit
432 3094 616 3167 quodcumque
624 3091 798 3164 potest,atque
807 3096 879 3152 addit
886 3111 997 3166 atteror
