2334 4067
339 493 559 562 brnen
617 489 646 556 I.
785 477 854 576 {97

114 611 399 691 'spiendidiutmultd
407 614 545 682 rstAEquus
553 627 583 664 ut
590 608 791 678 meportet,alat
797 619 855 666 rex,
869 603 904 644 ²0

130 697 267 751 Officium
284 698 354 751 facio
367 719 375 753 ι
390 713 420 750 tu
434 699 522 767 poscis
539 696 606 750 vilia
623 711 727 757 rerum,

129 781 226 834 Dante
240 782 345 847 minor,
355 783 480 852 quamvis
491 784 544 836 sert
557 796 585 834 te
596 779 696 833 nullius
707 790 840 848 egentem.

131 868 238 920 Omnis
248 867 409 936 Aristippum
420 868 510 922 decuit
521 868 612 929 color,
624 866 651 918 δι
659 865 753 927 status,
762 864 788 915 δι
798 879 855 927 rer,

129 953 298 1006 Tentantem
313 951 431 1020 majora,
444 951 499 1006 sere
516 950 687 1022 presentibus
703 965 818 1018 equum.

132 1035 258 1100 contri,
269 1055 347 1106 quem
362 1038 462 1106 duplici
476 1053 565 1106 panno
581 1035 710 1104 patientia
722 1036 809 1098 velat,
868 1037 904 1089 25·

130 1122 275 1186 Mirabor,
290 1122 355 1175 vitae
370 1123 417 1176 via
433 1123 458 1176 si
475 1121 603 1174 conversa
620 1121 730 1172 decebit.

132 1206 214 1265 Alter,
229 1222 392 1274 purpureum
408 1222 466 1258 non
481 1202 644 1272 exspectabit
661 1198 805 1252 amisium:

132 1291 276 1358 Quidlibet
290 1291 398 1344 indutus
418 1289 587 1343 celeberrima
603 1303 651 1355 pet
664 1288 725 1338 loca
738 1284 837 1344 vadet,

131 1377 332 1446 personamque
346 1377 413 1430 seret
425 1392 483 1428 non
496 1372 673 1426 inconcinnus
686 1383 835 1436 utramque.

131 1464 212 1515 Alter
226 1463 315 1515 Mileti
331 1477 433 1515 textam
451 1478 514 1514 cane
530 1458 607 1528 pejsis
626 1458 752 1526 &angue
870 1464 908 1517 3⁰

132 1548 242 1605 vitabit
257 1550 443 1619 chlamydem
458 1545 587 1600 moriemr
600 1541 716 1612 frigore,
726 1538 750 1592 si
763 1555 820 1590 non

132 1635 281 1691 Rettuletit
293 1651 421 1703 pannum.
433 1631 524 1695 Refer,
537 1630 564 1682 dc
575 1627 634 1680 sine
648 1624 725 1678 vivat
738 1624 858 1692 ineptus·

133 1722 189 1774 Res
204 1737 310 1791 gerere,
323 1719 350 1772 &
360 1733 453 1786 captos
467 1716 603 1768 ostendere
617 1711 719 1765 civibus
734 1709 838 1774 hostes,

133 1807 254 1876 Attingit
269 1804 367 1858 solium
380 1801 478 1864 Jovis,
492 1800 519 1851 δι
533 1795 650 1852 coelesiia
665 1809 759 1848 tentat.

134 1890 307 1960 Principibus
320 1885 444 1959 placuisse
455 1884 522 1938 viris
530 1921 539 1947 ,
547 1898 604 1934 non
616 1878 710 1932 ultima
723 1880 780 1930 laus
791 1876 837 1932 est.
870 1889 902 1944 35

132 1981 202 2042 ,Non
217 1975 306 2030 cuivis
319 1973 426 2028 homini
439 1967 572 2039 contingit
586 1965 657 2018 adite
671 1964 840 2018 Corinthum.

136 2064 229 2130 Sedit,
240 2062 291 2132 qui
303 2060 394 2112 timuit
407 2073 442 2110 ne
455 2071 511 2108 non
523 2054 673 2106 succederet
686 2068 693 2104 ι
708 2049 783 2103 esto:

136 2150 235 2217 Quid?
249 2147 297 2216 qui
311 2140 555 2215 pervenit,secitne
569 2137 685 2192 viriliter
697 2138 707 2188 .>
721 2131 795 2202 atqui

134 2210 905 2300 Hicest,autnusquam,quodquerimusfiiconushorrer,

136 2325 176 2375 Ut
189 2319 282 2390 parvis
294 2314 390 2369 animis
403 2315 430 2364 dc
441 2317 526 2380 parvo
541 2323 655 2376 corpore
669 2303 776 2372 majus,
807 2337 811 2343 -
870 2321 909 2371 40

137 2408 191 2459 Hic
203 2403 286 2466 subit,
296 2403 322 2454 δι
332 2401 439 2470 perfert.
449 2397 503 2449 Aut
513 2395 600 2448 virtus
611 2409 711 2446 nomen
724 2391 801 2444 inane
812 2388 860 2454 est,

138 2492 193 2545 Aut
204 2492 284 2542 decus
296 2485 446 2555 &pretium
457 2479 528 2534 recle
539 2479 608 2548 perit
619 2475 760 2544 experiens
771 2473 828 2528 vit.

140 2579 241 2629 Coram
255 2584 318 2642 rege
331 2571 382 2623 suo
395 2571 428 2622 de
441 2579 594 2636 paupertate
609 2576 743 2623 tacentes,
783 2570 787 2576 '
848 2548 851 2554 ’

137 2661 201 2715 Plus
215 2660 341 2730 poscente
354 2657 447 2709 serent.
459 2649 544 2704 Distat
552 2686 560 2711 ,
569 2647 689 2700 sumasne
704 2645 852 2713 pudenter,

138 2747 182 2798 An
196 2745 291 2814 rapiar.
301 2741 384 2811 Atqui
397 2755 486 2792 rerum
499 2749 578 2802 eaput
589 2734 643 2784 hoc
653 2747 708 2784 erat
716 2767 724 2794 ,
733 2729 777 2782 hic
787 2731 859 2785 sons.
871 2753 908 2804 45

138 2833 262 2884 indotata
277 2827 344 2881 mihi
361 2827 437 2878 soror
450 2821 502 2885 est,
514 2820 673 2888 paupercula
689 2831 790 2880 mater,

138 2921 172 2971 Et
186 2919 282 2972 fundus
298 2931 349 2966 nec
362 2909 524 2969 vendibilis,
538 2923 587 2960 nec
602 2891 834 2974 pascere'firmus,

139 3005 197 3070 Qui
212 3002 296 3063 dicit,
312 3002 416 3052 clamet.
432 2993 542 3046 Vidium
559 2993 627 3044 date.
646 2987 764 3042 Succinit
780 2989 866 3052 alter,

137 3091 173 3146 Et
187 3087 257 3145 mibi
271 3085 382 3143 dividuo
398 3079 513 3135 findetur
527 3091 640 3132 munere
656 3076 764 3142 quadra.

654 3169 679 3220 N
697 3183 716 3220 u
