2334 4067
266 534 311 582 22
422 517 489 584 CA
517 537 543 586 n
569 536 605 588 rr
629 536 648 586 ι
674 536 705 586 u
736 534 761 585 u
789 531 824 583 Μ
930 584 933 587 ,

264 654 989 733 effes-Quaem

373 779 705 865 CARMEN
732 777 911 861 .VII.·

303 933 672 993 AuMUNATJUM
690 928 942 989 PLANCVM.

263 1058 350 1121 Alias
364 1061 430 1119 aliis
439 1104 450 1130 ‚
466 1060 521 1119 sibi
540 1060 706 1120 Tiburtinam
722 1060 851 1139 regionem
861 1059 986 1140 placere.

424 1152 578 1229 cohortatio
599 1155 639 1211 ad
657 1152 819 1231 voluptates.

230 1256 986 1388 iinnuntnunraliiclaramuhodon,autMitylenen,

333 1404 385 1454 Aut
399 1403 546 1471 Ephesum,
563 1403 704 1455 bimarisve
721 1404 846 1455 Corinthi

261 1488 984 1559 Moenia‚veancchoThebas,velApollioeDelphos

331 1575 471 1645 insignes,
491 1589 535 1627 aut
552 1574 673 1627 Theffala
687 1575 799 1642 Tempe.

233 1676 243 1725 5
259 1660 324 1711 Sunt
335 1661 428 1729 quibus
438 1678 519 1712 unum
529 1678 598 1727 opus
608 1659 644 1711 est
653 1659 756 1711 intauae
766 1659 877 1711 Palladis
885 1660 982 1715 urbem

332 1745 455 1798 Carmine
472 1760 603 1813 perpetuo
617 1746 765 1808 celebrare,
782 1745 811 1796 δι’

258 1828 382 1897 Undique
398 1832 548 1898 decerptam
563 1828 647 1881 fronti
658 1818 814 1897 preponere
827 1827 939 1884 olivam.
964 1873 967 1879 .

321 1914 460 1985 ¹Plurimus
477 1916 505 1967 in
520 1915 634 1970 Iunonis
648 1914 781 1966 honorem

259 2001 355 2068 Aprum
371 2000 434 2052 dicit
450 2000 526 2068 equis
542 2002 647 2071 Argos,
663 1998 781 2072 ditesque
798 1999 937 2069 Mycenas·

212 2101 244 2136 10
329 2086 376 2137 Me
393 2102 441 2138 nec
458 2101 513 2137 tam
528 2084 632 2153 patiens
649 2084 842 2148 Lacedaemon,

256 2173 312 2223 Nec
328 2186 380 2222 ram
395 2170 499 2224 Lariffae
516 2168 648 2239 percussit
663 2186 770 2236 campus
786 2170 905 2237 opimae,

330 2255 417 2322 Quint
434 2258 528 2308 domus
543 2256 668 2307 Albuneae
685 2256 851 2320 resonantis,

257 2342 288 2392 Et
303 2356 420 2408 praeceps
437 2342 528 2403 Anio,
550 2341 576 2391 δι
591 2340 703 2391 Tiburni
718 2342 813 2404 lucus,
832 2342 859 2393 δι
875 2343 926 2394 ude

328 2426 473 2478 Mobilibus
492 2426 613 2493 pomaria
629 2424 706 2477 rivis.

210 2529 239 2581 ¹5
256 2512 337 2563 Albus
352 2527 382 2561 ut
395 2510 508 2581 obscuro
526 2511 641 2579 deterget
655 2509 742 2562 nubila
757 2512 828 2563 coelo

327 2596 402 2662 Saepe
418 2596 523 2659 Norus,
539 2611 625 2662 neque
639 2595 751 2662 parturit
767 2595 864 2647 imbres

255 2680 419 2749 Perpetuos3
437 2679 474 2731 sic
490 2695 519 2732 ru
536 2680 639 2749 sapiens
653 2680 730 2732 finire
746 2698 882 2735 memento

327 2764 470 2816 Tristitiam
487 2751 608 2835 vitaeque'
618 2767 721 2818 labores

254 2851 355 2910 Molli,
370 2850 484 2911 Plance,
501 2866 595 2908 meroe
612 2850 657 2900 seu
673 2864 698 2901 te
714 2852 844 2920 fulgentia
858 2855 942 2925 signis

207 2930 252 2999 20'
328 2934 414 2988 Castra
428 2946 538 2997 tenent,
556 2934 601 2985 seu
618 2934 693 2987 densa
709 2936 810 2989 tenebit

253 3020 359 3073 Tiburis
371 3020 462 3071 umbra
473 3018 523 3071 tui.
537 3020 638 3073 Teucer
649 3021 780 3072 Salamina
791 3038 947 3095 patremque

326 3106 417 3173 Quum
432 3104 553 3177 fugeret,
568 3117 657 3159 tamen
672 3106 723 3159 uda
737 3106 820 3176 Lyaeo
