2334 4067
376 493 596 565 Lreen
651 495 681 565 1.
819 483 886 582 283

169 632 889 726 ’σιωπῇ-πω»

279 789 666 878 Er1srooo
724 788 781 876 Χ.

198 961 277 1027 'AD
317 967 856 1034 FUSCUM·ARISTIUM.

166 1111 306 1192 Rusticum
324 1116 410 1176 vitam
424 1137 480 1198 pro
497 1117 602 1178 urbana
618 1116 733 1184 laudat,
743 1131 775 1174 ut
788 1129 890 1173 notura

286 1217 375 1296 magis
395 1216 620 1296 consentaneam,
640 1217 668 1276 δ’
687 1217 775 1303 rnngis

396 1319 513 1376 amicam
534 1319 664 1378 libertati.

169 1401 324 1522 Urere
344 1484 488 1524 amatorem
507 1472 619 1525 Fuscum
637 1471 739 1524 salvere
757 1468 880 1536 jubemus

167 1547 248 1602 Ruris
268 1567 398 1606 amatores
415 1572 425 1615 ς
444 1557 492 1609 hac
511 1557 540 1609 in
559 1575 588 1610 re
607 1555 707 1609 scilicet
724 1571 777 1608 una

166 1631 287 1688 Multum
306 1637 466 1705 dissimiles,
484 1655 511 1694 at
528 1656 616 1695 cetera
634 1656 703 1709 pene
722 1636 828 1710 gemelli
845 1654 853 1688 e

167 1718 299 1773 Fraternis
317 1721 412 1777 animis
430 1723 558 1794 quidquid
576 1739 655 1795 neget
671 1727 750 1788 alter,
767 1723 793 1775 δι
807 1724 890 1782 alter3

167 1805 319 1858 Anouimus
337 1808 459 1878 pariter:
478 1808 564 1862 vetuli
583 1809 695 1877 notique
714 1806 851 1870 columbi,
922 1819 934 1872 5

167 1889 211 1942 Tu
229 1888 321 1944 nidum
341 1892 430 1947 servas
444 1912 453 1955 3
468 1910 519 1964 ego
538 1896 618 1946 laudo
637 1892 706 1946 ruris
726 1892 827 1945 amoeoi

167 1975 274 2042 Rivos‚
288 1977 314 2030 ἃ
331 1979 422 2034 musco
441 1977 587 2032 circumlita
606 1978 683 2044 saxa,
702 1979 857 2048 nemusque.

168 2060 241 2127 Quid
257 2063 354 2131 queris
367 2067 378 2117 i
391 2063 460 2117 vivo
475 2065 501 2117 δι
512 2081 610 2136 regno,
624 2065 703 2117 simul
720 2064 766 2117 ista
782 2063 891 2132 reliqui,

169 2145 237 2212 Quae
256 2165 309 2202 vos
328 2149 360 2200 ad
378 2151 477 2201 coelum
496 2149 596 2202 effertis
615 2166 722 2202 rumore
740 2150 864 2204 secundo.

166 2233 258 2302 thue
277 2233 419 2286 sacerdotis
437 2233 588 2303 fugitivus,
603 2233 657 2286 liba
676 2233 794 2293 recuso;
903 2243 938 2282 to

165 2317 236 2372 Pane
255 2335 323 2390 egeo
341 2318 394 2383 jam
413 2319 523 2372 mellitis
543 2317 650 2387 potiore
670 2318 809 2387 placentis.

166 2403 268 2456 Vivere
285 2405 393 2456 Naturae
413 2402 437 2455 si
457 2404 651 2456 convenienter
670 2416 797 2472 oportet,

167 2488 355 2558 Ponendaeque
372 2491 454 2541 domo
472 2489 611 2556 quaerenda
627 2487 664 2540 est
680 2505 739 2541 areo
755 2488 889 2555 primam,

167 2573 308 2628 Novistine
327 2577 418 2627 locum
438 2572 572 2640 potiorem
593 2588 653 2623 rure
671 2573 777 2624 beato?

167 2660 209 2712 Est
220 2660 273 2714 obi
292 2661 351 2728 plus
371 2671 478 2726 tepeant
496 2657 608 2726 hyemes
622 2657 633 2708 ἓ
647 2655 694 2708 ubi
711 2655 811 2726 gratior
827 2674 888 2711 aura
902 2670 932 2722 15

167 2747 261 2800 Leniat
281 2747 307 2798 δι
323 2744 422 2814 rabiem
441 2740 537 2806 Canis,
556 2741 582 2792 δι
599 2756 736 2795 momenta
753 2742 867 2807 Leonis,

166 2834 257 2900 Quum
273 2831 354 2884 semel
371 2827 472 2895 accepit
487 2827 571 2878 solem
588 2825 743 2879 furibundus
758 2833 886 2883 acutum?

83 2971 84 2976 ,
157 2918 207 2970 ‘Est
225 2917 270 2970 ubi
290 2915 398 2968 divellat
417 2913 526 2964 somnos
545 2909 633 2963 minis
652 2910 743 2964 invida
762 2918 848 2968 cura?

166 3001 294 3056 Deteriris
310 2997 417 3069 Libycis
435 2999 508 3059 olet,
523 3009 567 3047 out
586 2994 654 3048 nitet
670 2998 748 3050 herba
764 2999 883 3067 lapillis?

167 3088 263 3145 Purior
278 3087 308 3144 io
323 3085 391 3143 vicis
409 3099 476 3158 aqua
494 3079 583 3141 tendit
596 3097 718 3155 rumpere
732 3085 883 3154 plumbum,
898 3100 933 3140 20
