2334 4067
308 508 354 601 w
471 510 867 581 Ctnuruvn

308 658 1026 730 «ῼῌῌῌΜΉῌῌΨΨΦ

366 788 607 878 CARM
633 794 666 877 E
691 792 734 877 N
807 782 967 877 x‘vl.

427 950 506 1010 An
549 948 902 1012 oiosPHuM.

306 1076 332 1133 T
329 1072 537 1153 tanquillitatem
553 1074 639 1133 animi
653 1073 740 1154 optari
755 1072 791 1130 ab
808 1071 930 1130 omnibus
935 1091 949 1142 ;
965 1092 1030 1130 eam

344 1184 432 1227 autem
450 1168 600 1225 coircendis
615 1166 810 1247 cupiditatibus
823 1166 984 1247 comparari.

306 1273 487 1395 OTIUM
505 1342 596 1396 Divos
615 1342 740 1413 rogatio
759 1340 862 1411 patenti

302 1427 414 1481 Prensus
431 1426 542 1498 AEgaeo‚
557 1428 638 1481 simul
656 1443 713 1482 atra
730 1429 813 1481 nubes

251 1546 255 1553 ·
303 1514 431 1569 Condidit
447 1514 568 1579 Lunam,
585 1531 672 1584 neque
692 1528 762 1568 certa
781 1514 883 1584 fulgent

410 1601 501 1655 Sidera
519 1601 616 1653 nautis.

275 1700 286 1753 5
304 1687 399 1741 Otium
415 1688 487 1739 bello
505 1685 605 1738 furiosa
621 1686 739 1749 Thrace,

303 1773 399 1825 Otium
418 1770 493 1823 Medi
511 1769 633 1839 pharerri
652 1771 762 1835 decori,

303 1858 445 1927 Grospho,
461 1873 518 1909 non
537 1855 670 1927 gemmis,
687 1873 774 1927 neque
792 1854 908 1926 purpnri
924 1872 977 1911 ve·

408 1946 489 2009 nale,
506 1960 556 1996 nec
576 1960 651 1997 auro.

300 2034 364 2085 Non
381 2029 454 2082 enim
474 2046 562 2098 gaza,
578 2045 665 2097 neque
685 2027 829 2081 consularis

256 2128 289 2165 ro
301 2119 459 2170 Summovet
476 2113 556 2165 liuor
575 2113 686 2165 miseros
706 2114 835 2195 turnultus

301 2203 422 2266 Mentis,
440 2202 467 2254 δι
485 2216 560 2253 curas
578 2200 699 2269 laqueata
717 2198 818 2251 circum

408 2286 490 2340 Teiia
508 2288 641 2338 volantes.

300 2374 413 2430 Vivitur
431 2388 516 2441 parvo
534 2372 621 2430 bene,
638 2369 681 2423 cui
699 2383 838 2437 paternum

301 2460 426 2531 Splendet
444 2458 474 2509 in
492 2452 582 2509 mensa
600 2455 675 2507 tenui
694 2454 828 2513 salinum

254 2561 283 2613 ¹5
301 2542 363 2602 Neo
374 2550 449 2599 leves
468 2543 577 2596 somnos
596 2541 679 2594 timor
696 2554 743 2592 aut
761 2539 858 2608 cupido
959 2572 962 2578 ·

409 2630 534 2683 Sordidus
554 2628 647 2682 aufert.

301 2720 374 2790 Quid
391 2716 467 2772 brevi
485 2716 567 2769 fortes
586 2714 730 2780 iaculamur
748 2727 810 2765 aevo

251 2838 253 2842 ·
302 2808 414 2861 Multa?
433 2802 496 2872 quid
514 2816 596 2853 terras
616 2800 669 2853 aiio
689 2800 804 2851 calentes

303 2896 365 2949 Sole
384 2889 543 2944 mutamus?
561 2884 653 2954 patriae
672 2883 732 2953 quir
751 2881 827 2936 exsul

254 2995 288 3032 20
409 2977 442 3027 Se
461 2988 569 3041 quoque
588 2970 684 3039 fugit?

301 3061 406 3120 Scandir
425 3073 517 3114 aeratas
534 3056 630 3109 vitiosa
649 3071 731 3109 naves

303 3156 393 3216 Cura,
410 3163 459 3202 nec
478 3160 576 3199 rurrnns
595 3142 715 3214 equitum
733 3137 879 3209 relinquit,
