2334 4067
275 491 350 570 ‘208
426 503 854 581 Sur-rnatum

228 609 264 680 85
278 614 443 676 Nouariam
455 625 554 680 vestem
569 635 701 685 maculant
708 620 900 704 ‚ventremque
911 623 1055 702 sttpidumi

277 705 413 772 Quattuor
425 710 487 766 hinc
499 715 617 783 rapimur
627 718 728 790 viginti
740 721 768 774 dt
778 721 862 774 millia
874 721 981 784 rhedis.

276 789 397 848 Mansuri
417 797 564 866 oppidulo,
579 805 653 871 quod
669 806 749 858 versu
765 806 853 860 dicere
870 807 997 874 nonest

240 877 365 948 Signis
384 883 508 950 perfacile
526 885 571 940 eli.
592 885 676 944 Venit
692 891 826 946 vilissima
844 911 941 948 rerum

276 965 331 1018 Hic
349 983 438 1037 aquas·
451 968 495 1023 sed
514 973 591 1040 panis
609 975 689 1049 longe
707 979 914 1047 pulcherrimus,
926 972 997 1035 ultre

224 1059 265 1116 90
278 1051 394 1106 Callidus
401 1053 442 1106 'ut
460 1055 543 1110 soleat
559 1055 677 1116 humeris
696 1080 802 1133 portare
820 1065 931 1127 viator·

274 1137 343 1190 Nam
362 1141 461 1194 Canusi
479 1143 629 1212 lapidosus,
646 1167 720 1219 aquae
738 1167 794 1204 non
812 1151 894 1204 ditior
909 1169 997 1220 urna

222 1223 337 1290 Qui
348 1227 423 1280 locus
441 1245 456 1280 a
470 1229 535 1282 forti
550 1233 684 1302 Diomede
701 1235 738 1288 est
755 1238 879 1290 conditus
897 1239 974 1294 olim.

272 1307 406 1364 Flentibus
422 1313 484 1368 hinc
497 1317 594 1371 Varius
611 1321 719 1395 discedit
734 1323 843 1378 moestus
858 1325 960 1380 amicis

269 1393 336 1446 lnde
353 1394 443 1451 Rubos
462 1398 526 1453 lessi
545 1403 735 1469 pervenimus,
751 1421 845 1476 utpote
862 1410 975 1480 longum

201 1485 256 1544 ³95
273 1482 444 1550 carpentes
437 1499 505 1549 atet,
521 1487 548 1539 δι
563 1487 661 1542 fanum
680 1492 830 1584 corruptius
848 1492 938 1550 imbri.
987 1521 991 1528 ·

266 1564 377 1619 Postera
396 1567 534 1638 tempestas
553 1573 666 1635 melior,
684 1572 728 1624 via
745 1572 822 1640 pejor
839 1577 872 1626 ad
889 1578 974 1646 usque

269 1650 448 1706 Barimoenia
465 1654 574 1722 piscosi.
590 1656 698 1709 Dehinc
715 1657 815 1710 Gnatia
833 1661 954 1730 lymphis
1038 1736 1042 1743 ι

268 1735 344 1788 lraris
363 1735 492 1788 exstructa
511 1735 583 1788 dedit
600 1737 719 1808 risusque
735 1738 884 1812 jocosque,

269 1822 357 1884 Dum,
366 1821 472 1874 flamma
485 1820 543 1876 sine
549 1819 560 1888 ,’
566 1825 643 1877 thura
654 1824 800 1894 liquescere
809 1827 903 1880 limine
915 1831 992 1886 sacto

215 1906 425 1964 dool'ersuadere
443 1907 527 1978 cupit.
550 1911 646 1963 credat
662 1911 768 1966 Judaeus
786 1915 901 1984 Apella,

211 2022 217 2036 ι
228 2031 230 2036 .
266 1998 332 2050 Non
342 2011 408 2064 ego:
420 2011 535 2065 namque
545 1997 621 2049 Deos
632 1997 712 2050 didici
723 1999 842 2053 securum
853 2019 930 2073 agere
940 2024 1054 2075 evum

266 2085 343 2149 Nec,
361 2081 384 2136 si
403 2079 467 2152 quid
486 2079 548 2133 miri
566 2081 647 2134 faciat
663 2084 781 2151 Natura,
798 2089 875 2142 Deos
894 2090 922 2143 id

267 2167 366 2223 Trilles
385 2183 421 2221 ex
438 2169 494 2221 alto
513 2165 577 2220 coeli
597 2167 736 2222 demittere
755 2171 837 2228 testo.

267 2253 438 2309 Brundisium
453 2255 542 2324 longe
559 2251 623 2306 finis
639 2254 805 2326 charisque,
819 2261 926 2334 viaque
942 2260 988 2318 eu.

268 2397 979 2468 masma&

209 2459 216 2476 ·
358 2539 723 2628 §nulum
787 2547 891 2632 Vl.

473 2703 521 2766 De
540 2701 606 2764 verri
625 2704 777 2767 nobilitate.

264 2799 760 2941 Nou‚quia,Maeeenas‚Lydorum
773 2869 902 2942 quidquid
910 2874 1039 2932 Etruscos

263 2957 381 3010 incoluit
400 2954 487 3020 lines,
505 2973 587 3009 nemo
606 2956 763 3026 generosior
780 2957 818 3010 est
835 2973 885 3020 te;

200 3047 207 3078 '·
243 3071 244 3076 ¹
263 3048 322 3100 Nee
331 3040 417 3114 ‚qudd
428 3058 494 3096 avus
504 3041 554 3096 tibi
565 3056 701 3095 maternus
711 3041 865 3115 fuit,atque
874 3061 1019 3116 paternam,

235 3155 237 3160 ’
262 3128 340 3188 Olim
360 3128 406 3202 qui
425 3115 528 3204 anagnis
546 3126 699 3204 legionibus
718 3127 919 3199 imperitlriut,
961 3152 970 3180 ι
