2334 4067
344 548 682 619 Porarcn
805 559 870 636 ”r

131 660 239 736 Quod
252 679 307 718 non
319 671 462 738 proposito
476 673 624 734 conducat,
637 670 663 722 bt
674 667 771 720 hereat
786 663 858 736 apt'e.
885 671 936 726 195

145 749 193 799 lle
216 749 297 804 bonis
313 753 471 825 faveatque,
484 758 511 810 bt
525 755 683 812 concilietur
698 751 811 812 amicis3

133 831 177 883 Et
200 850 280 904 regat
297 837 378 892 iratos
387 830 435 904 ,'&
450 856 520 894 amet
537 857 645 911 peccare
662 837 785 891 timentes
799 852 807 888 e

133 917 195 971 llle
217 922 298 990 dapes
315 927 403 979 laudet
420 929 517 980 mense
533 925 642 990 brevis,
657 923 703 978 ille
721 922 848 975 salubrem

134 1005 152 1058 J
156 1005 302 1074 ustitiam,
317 1012 459 1081 legesque,
474 1013 501 1064 δι
516 1012 614 1082 apertis
633 1009 688 1063 otia
707 1007 812 1077 portis:

135 1093 197 1144 Ille
221 1108 292 1165 tegat
310 1095 466 1162 commiffa,
480 1097 605 1167 Deosque
622 1109 744 1164 precetur
759 1093 786 1145 bt
800 1103 875 1153 oret,
885 1103 941 1148 200

136 1176 184 1228 Ut
207 1179 299 1231 redeat
316 1180 437 1245 miseris,
450 1183 524 1235 abeat
541 1181 650 1235 fortuna
666 1178 793 1247 superbis.

137 1261 231 1315 Tibia
245 1279 316 1329 non,
328 1280 358 1319 ut
372 1283 457 1331 nunc,
468 1267 603 1319 orichalco
616 1263 722 1328 vincla,
735 1265 857 1332 tubeque

138 1347 275 1413 AEmula,
289 1350 334 1402 sed
350 1352 438 1404 tenuis
456 1351 624 1421 simplexque
640 1350 772 1404 foramine
789 1365 876 1418 pauco

139 1424 310 1502 Adspirate,
326 1436 353 1487 δι
367 1434 450 1488 adesse
467 1435 555 1488 choris
572 1449 628 1489 erat
646 1435 739 1499 utilis,
756 1449 837 1503 atque
875 1427 879 1440 ’

139 1517 281 1570 Nondum
297 1518 372 1586 spiffa
388 1519 468 1572 nimis
485 1522 620 1588 complere
637 1519 729 1572 sedilia
745 1518 830 1579 flatu;
886 1541 938 1596 ²05

140 1601 218 1668 Qud
236 1601 296 1656 sane
312 1606 428 1674 populus
445 1604 635 1669 numerabilis,
649 1618 744 1674 utpote
759 1621 875 1672 parvus,

141 1688 179 1740 Et
197 1686 288 1758 frugi,
300 1687 451 1758 castusque,
463 1689 679 1757 verecundusque
697 1688 795 1740 coibat.

142 1772 294 1842 Postquam
304 1774 389 1842 coepit
398 1791 475 1844 agros
486 1777 630 1828 extendere
640 1773 740 1840 vidior,
749 1776 775 1828 δι
783 1776 876 1828 urbem

139 1858 245 1921 ¹Larior
261 1858 385 1927 ampledli
402 1873 513 1924 murus,
528 1859 649 1928 vinoque
666 1861 761 1912 diurno
846 1893 848 1900 ι

144 1944 254 1998 Placari
268 1943 372 1998 Genius
387 1943 459 1998 sestis
475 1943 585 2012 impune
602 1945 694 1997 diebus
708 1963 717 2004 3
886 1964 942 2008 210

143 2029 271 2083 Accessit
288 2029 457 2097 numerisque
476 2028 615 2098 modisque
633 2028 741 2082 licentia
758 2030 855 2097 major.

146 2114 277 2168 lnrlostus
295 2113 359 2183 quid
374 2113 446 2166 enirn
463 2113 585 2181 saperet,
601 2112 720 2183 liberque
737 2116 874 2178 laborum,

148 2199 277 2253 Rusticus
294 2199 395 2250 urbano
413 2197 556 2262 confusus,
572 2197 657 2263 turpis
675 2196 813 2251 honesto?

148 2286 196 2338 Sic
211 2271 306 2353 priscae
322 2296 479 2351 motumque
498 2281 525 2332 δι
538 2279 672 2333 luxuriam
691 2280 789 2334 addidit
805 2282 856 2336 arti

146 2368 282 2430 Tibicen,
295 2363 429 2436 traxitque
445 2381 530 2436 vagus
546 2381 594 2432 per
609 2363 712 2434 pulpita
727 2365 837 2425 vestem.
883 2391 938 2449 ²¹5,

149 2457 199 2508 Sic
215 2452 296 2506 etiam
313 2448 407 2503 fidibus
425 2466 506 2503 voces
524 2467 632 2503 crevere
648 2451 764 2516 severis,

149 2541 185 2592 Et
200 2539 261 2591 tulit
275 2534 413 2604 eloquium
429 2534 567 2588 insolitum
583 2535 703 2588 facundia
718 2554 855 2607 praeceps;

149 2623 320 2690 Utiliumque
337 2620 416 2690 sagax
432 2635 538 2681 rerunt,
552 2619 578 2671 δι
594 2618 686 2672 divina
702 2620 785 2673 suturi

152 2705 293 2777 Sortilegis
309 2721 366 2758 non
383 2702 526 2772 discrepuit
541 2703 671 2756 sententia
685 2705 810 2772 Delphis.

153 2793 280 2848 Carmine
296 2789 342 2860 qui
358 2789 459 2859 tragico
475 2788 558 2841 vilem
575 2789 688 2842 certavit
703 2793 737 2844 ob
752 2792 871 2860 hircum,
881 2818 937 2862 220

153 2881 223 2932 Mox
238 2877 319 2930 etiam
335 2874 447 2945 agrestes
463 2874 572 2943 Satyros
590 2875 717 2939 nudavit,
733 2877 759 2930 &
775 2879 849 2947 asper

153 2962 284 3016 Incolumi
301 2959 430 3031 gravitate
448 2956 538 3025 jocum
555 2961 669 3012 tentavit
683 2979 691 3020 ;
705 2959 739 3014 eb
756 2961 828 3030 qudd

154 3048 285 3104 lllecebris
301 3061 357 3100 erat
374 3046 401 3100 δι
416 3044 489 3116 grate
507 3044 627 3098 novitate
645 3049 786 3100 morandus

154 3135 303 3209 Spectator,
317 3130 471 3203 funemque
486 3129 581 3196 sacris,
594 3130 620 3184 ἃ
632 3145 730 3202 potus,
743 3131 870 3193 &erlem
