2334 4067
356 494 577 569 Ltanrt
627 499 689 566 ΙΙ.
816 513 886 583 247

153 616 266 689 ”Accipe
284 619 336 692 qui
355 625 460 678 ratione
478 640 559 694 queas
577 623 712 676 ditescere.
726 619 849 682 Turdus,
901 629 934 668 to

154 703 231 758 Sive
249 707 321 760 aliud
340 709 446 776 privum
465 709 568 762 dabitur
584 708 656 772 tibi,
676 705 784 760 devolet
802 704 884 770 illuc,

154 789 215 842 Res
230 791 275 843 ubi
288 809 383 862 magna
396 794 464 847 nitet
478 794 589 846 domino
602 793 679 846 senet
692 790 777 844 dulcia
787 807 883 858 poma,

153 876 192 926 Et
205 877 390 946 quoscumque
400 880 467 932 fetet
479 881 566 932 cultus
579 877 630 931 tibi
642 877 737 930 fundus
750 877 885 938 honores,

152 960 233 1010 Ante
250 961 345 1014 Larem
364 964 447 1032 gustet
464 963 644 1016 venerabilior
663 963 728 1014 Lete
745 961 841 1014 dives:

154 1043 216 1108 Qui
234 1046 357 1114 quamvis
371 1048 490 1116 perjurus
503 1049 570 1112 etit,
581 1049 641 1102 sine
655 1062 748 1117 gente,
758 1061 881 1100 ememus
896 1059 927 1112 ις

151 1130 296 1199 Sanguine
313 1133 448 1197 fraterno,
466 1133 616 1204 fugitivus,
634 1149 667 1188 ne
686 1147 775 1186 tamen
794 1131 835 1184 illi

149 1215 198 1266 Tu
217 1232 312 1270 comes
330 1219 465 1283 exterior,
485 1219 509 1271 si
527 1218 660 1286 postulet,
679 1217 718 1268 ire
736 1217 852 1270 recuses.

150 1300 229 1352 Utne
244 1316 332 1370 tegam
345 1303 440 1370 spurco
452 1305 545 1356 Damae
558 1305 626 1356 latus
638 1305 649 1355 i
661 1303 730 1354 haud
743 1303 779 1355 ita
790 1302 880 1369 Troiae

148 1383 201 1436 Me
221 1386 314 1455 gessi,
333 1403 435 1442 certans
455 1390 558 1456 semper
575 1387 740 1440 melioribus.
760 1389 831 1458 Ergo

149 1469 258 1539 Pauper
267 1472 329 1526 etis.
336 1476 444 1527 Fortem
456 1475 508 1526 hoc
517 1473 635 1525 animum
646 1474 759 1539 tolerare
768 1473 866 1538 iubebo
875 1493 883 1534 3
892 1493 927 1532 20

146 1555 182 1608 Et
200 1560 338 1626 quondam
357 1560 459 1626 majora
479 1559 538 1613 tuli.
556 1559 599 1610 Tu
617 1556 763 1626 protinus,
780 1561 849 1612 unde

126 1680 129 1686 .
149 1641 276 1696 Divitias
296 1644 407 1714 aerisque
425 1643 582 1709 mam,ldic
601 1661 700 1714 augur,
720 1659 839 1700 acervos.

148 1727 222 1780 Dixi
241 1729 381 1797 equidem,
395 1731 422 1783 dt
437 1731 497 1784 dico
512 1749 520 1782 r
538 1743 627 1797 captes
647 1728 743 1783 astutus
762 1729 859 1798 ubique

147 1812 320 1866 Testamenta
338 1816 451 1874 senums
467 1832 535 1877 neu,
547 1814 571 1866 si
589 1813 664 1866 valer
681 1829 750 1864 unus
769 1814 796 1866 δι
811 1817 877 1870 alter

147 1897 338 1954 insidiatorem
357 1901 475 1970 praeroso
493 1897 596 1969 fugeritv
607 1899 712 1957 hamo,
889 1919 921 1974 25

148 1984 203 2037 dut
222 1987 299 2053 spem
317 1987 454 2054 deponas,
469 1998 514 2038 aut
532 1997 616 2036 artem
634 1981 726 2036 illusus
746 1984 866 2041 omittas.
942 2019 944 2027 t

83 2113 87 2119 .
131 2069 252 2140 Magna
271 2071 395 2124 minorve
414 2073 475 2124 foro
494 2069 518 2122 si
537 2085 578 2122 res
597 2069 738 2122 certabitur
757 2070 843 2132 olim,

148 2153 237 2208 Vivet
255 2141 314 2208 utet
331 2159 451 2225 locuples
470 2155 528 2208 sine
547 2153 633 2216 natis,
649 2155 786 2221 improbus
803 2158 876 2208 ultro

148 2240 206 2306 Qui
225 2241 368 2295 meliorem
386 2244 471 2296 audax
488 2253 570 2307 vocet
584 2239 618 2290 'in
635 2236 696 2302 ius,
714 2238 787 2292 illius
806 2238 861 2294 elio

147 2327 307 2382 Defensor:
326 2326 395 2380 fami
415 2325 504 2381 civem
523 2323 654 2392 censique
672 2322 803 2392 priorem·
890 2341 924 2402 30

149 2412 356 2479 Sperne,do'1ni
374 2412 397 2466 si
415 2426 491 2464 natus
509 2410 575 2474 etit,
587 2408 747 2464 foecundius
764 2411 873 2478 conjux.

149 2495 885 2570 Quinte,puta‚aut1²ubli(gaudentpraenominemolles'

150 2584 304 2651 Auriculae)
317 2584 366 2637 tihi
385 2600 428 2636 me
447 2582 534 2635 virtus
553 2593 598 2631 tua
617 2579 679 2632 lecit
698 2581 823 2636 amicum.
882 2629 886 2636 .

150 2668 198 2722 Jus
218 2687 317 2738 anceps
335 2667 423 2730 novi,
439 2667 529 2720 causas
548 2665 686 2717 defendere
706 2663 819 2732 polium.

151 2753 255 2822 Eripiet
273 2753 362 2823 quivit
382 2755 475 2804 oculos
494 2749 572 2803 cititis
592 2748 679 2812 milti,
699 2748 778 2818 quint
798 2765 825 2804 te
888 2768 917 2822 35

152 2839 346 2907 Contemptum
358 2837 424 2891 calii
435 2853 501 2890 nuce
511 2849 647 2904 pauperet.
655 2835 720 2888 Herc
731 2853 789 2890 mea
801 2853 862 2891 cura
873 2841 918 2906 est,

150 2921 193 2973 Ne
203 2924 470 2992 quidtuperdas‚neu
479 2921 516 2975 sis
525 2920 870 2992 iocue.1re·domurn,atque

149 3005 305 3062 Pelliculant
324 3025 415 3061 curare
432 3007 493 3072 jube
512 3025 521 3060 t
541 3006 577 3058 sis
599 3008 724 3075 cognitor
743 3005 822 3074 ipse·‚

150 3090 253 3160 Persta,
266 3101 346 3165 atque
362 3093 474 3157 obdura,
489 3090 534 3144 seu
549 3091 626 3146 nubta
643 3089 769 3144 Canicula
786 3090 880 3152 findet,

656 3181 676 3234 L
695 3181 725 3238 it
