2334 4067
316 462 383 511 xm
469 444 873 516 cunutuuu

315 550 1043 667 wwfflffifflmu·

369 738 684 827 CARMEN
743 741 971 827 XXVII.

310 916 378 976 AD
401 918 659 981 GALATEAM
676 920 1039 1008 NAVIGATURAM.

309 1062 458 1122 Abeuntem
473 1062 600 1141 secundis
618 1066 691 1126 uotis
703 1063 895 1145 prosequutus,
908 1065 1037 1143 naviga»-

360 1176 364 1183 '
388 1163 471 1223 tionis
488 1168 629 1247 pericula,
644 1188 678 1225 ac
697 1168 815 1225 maxime
831 1168 944 1244 Europu

475 1268 622 1347 exemplum
643 1269 697 1348 ipsi
718 1268 856 1347 proponit.

306 1371 342 1483 ἶ
352 1446 378 1485 Μ
389 1448 404 1485 1·
414 1448 455 1487 ιο
465 1450 481 1487 s
501 1453 584 1505 parrae
604 1441 747 1494 recinentis
767 1457 850 1493 omen

279 1520 282 1527 '
305 1518 410 1583 Ducat,
425 1521 452 1573 δι
468 1539 607 1595 praegnans
626 1527 717 1589 canis,
731 1543 776 1578 aut
794 1530 913 1596 ab'agro

305 1604 380 1657 Rava
400 1607 538 1661 decurrens
556 1612 619 1677 lupa
638 1612 799 1674 Lanuvino,

414 1692 540 1761 Foetaque
559 1697 680 1763 vulpes:

279 1774 420 1843 5Rumpat
440 1779 470 1830 δι
485 1780 595 1847 serpens
610 1780 662 1832 itet
679 1779 845 1846 institutum,
866 1780 870 1788 “

305 1860 332 1910 si
352 1876 398 1927 pet
418 1863 555 1931 obliquum
574 1866 670 1918 similis
690 1866 789 1935 sagittae

304 1945 412 1997 Terruit
430 1964 551 2001 mannos.
571 1950 628 2019 Ego
647 1950 690 2003 cui
709 1952 814 2004 timebo

414 2030 544 2085 Providus
566 2035 686 2101 auspex,

306 2115 454 2185 Antequam
472 2116 567 2175 stantes
587 2134 688 2189 repetat
706 2122 815 2188 paludes

259 2202 429 2255 101mbtium
449 2203 541 2256 divina
560 2205 619 2258 avis
638 2205 848 2272 imminentum,

305 2286 432 2339 oscinem
451 2305 562 2342 corvum
581 2308 659 2361 prece
678 2291 811 2346 suscitabo

412 2372 484 2425 Solis
504 2376 534 2427 ah
554 2391 631 2428 ortu.
660 2386 664 2394 ’

304 2455 346 2507 Sis
365 2455 428 2508 licet
446 2456 512 2509 felix
530 2449 689 2528 ubicumque
708 2462 794 2517 mavis
806 2502 820 2529 ,

305 2542 337 2593 Et
356 2559 460 2596 memor
478 2543 559 2597 nostri
571 2583 580 2609 ,
591 2544 729 2612 Galatea,
746 2551 825 2604 vivas
840 2570 854 2612 e

260 2637 289 2688 15
304 2628 396 2698 Teque
416 2646 464 2682 nec
483 2632 567 2683 laevus
586 2648 661 2685 vetet
679 2632 718 2689 ite
737 2636 835 2705 picus,

413 2716 469 2767 Nec
487 2732 553 2785 vaga
573 2718 678 2771 cornix.

305 2800 356 2853 Sed
373 2798 448 2851 vides
469 2816 568 2869 quanto
588 2804 702 2870 trepidet
720 2810 837 2861 tumultu

305 2884 407 2936 Pronus
428 2884 515 2937 Orion
535 2888 545 2939 ?
565 2886 622 2955 Ego
642 2887 705 2955 quid
725 2891 760 2944 sit
779 2909 835 2947 atet

306 2969 392 3023 Adria
412 2968 480 3021 novi
499 2969 572 3023 sinus
593 2970 619 3021 ἀ
637 2972 701 3042 quid
719 2977 796 3031 alhus

260 3067 297 3105 20
413 3053 506 3109 Peccet
524 3054 621 3127 Iapyx.
