2334 4067
253 493 329 591 no
463 498 758 595 Eronou

250 616 310 683 Qua
329 629 481 671 muneretur
500 633 546 684 re,
562 619 675 689 Priape,
690 620 718 671 δι
733 633 759 673 te
771 654 779 681 ,
790 625 874 684 Ῥᾶίθῐ

323 704 459 772 sylvane,
476 719 549 759 tutor
567 704 662 758 finium
677 709 683 759 !

248 788 324 841 libet
342 788 427 855 jacere
445 790 526 845 modi>
546 792 592 845 sub
610 790 717 859 antiqua
733 788 816 852 ilice',

322 874 406 929 Modo
426 876 455 927 in
473 878 559 931 tenaci
577 876 705 949 gramine.

203 968 234 1020 25
249 960 383 1013 Labuntur
401 962 462 1015 altis
481 963 590 1015 interim
608 962 675 1031 ripis
694 972 789 1030 aqua,

322 1047 475 1113 Queruntur
494 1048 523 1101 iu
542 1050 627 1118 sylvis
647 1065 731 1106 aves3

248 1133 396 1203 fontesque
414 1134 532 1202 lymphis
551 1134 703 1201 obstrepunt
721 1129 909 1193 manantibus,

321 1220 437 1271 Somnos
456 1222 528 1288 quod
546 1219 646 1273 invitet
662 1221 747 1271 leves.

249 1303 284 1356 At
303 1321 384 1373 quum
403 1305 520 1357 tonantis
540 1322 623 1357 annus
641 1306 779 1375 hybernus·
793 1301 871 1357 Jovis

204 1396 238 1451 30
322 1390 420 1443 Imbres
439 1389 566 1459 nivesque
586 1404 742 1458 comparat,

248 1475 302 1528 Aut
320 1475 402 1529 trudit
419 1494 491 1531 acres
509 1476 572 1529 hinc
592 1478 619 1529 δι
634 1475 697 1527 hinc
716 1472 797 1528 multi
817 1488 880 1525 cane

321 1559 408 1629 Apros
427 1561 457 1613 in
477 1560 607 1613 obstantes
626 1551 740 1629 plagas3

248 1644 816 1710 mmfflwmms

322 1730 418 1782 Turdis
438 1730 558 1783 edacibus
578 1732 677 1789 dolos3

204 1821 235 1876 35
249 1815 413 1869 Pavidumve
423 1818 561 1884 ¹leporem,
574 1817 600 1869 δι
611 1818 741 1869 advenam
750 1818 846 1883 laqueo
859 1831 967 1885 gruem,

320 1901 436 1955 Jucunda
455 1916 541 1969 captat
560 1900 678 1969 praemia.
893 1964 897 1971 Ι

248 1984 317 2053 Quis
336 2002 393 2038 non
411 1989 554 2049 malarum,
568 2004 632 2053 quas
651 2002 727 2039 anror
744 2001 818 2037 curas
835 1985 930 2048 habet,

320 2068 383 2122 Haec
402 2069 471 2122 inter
491 2069 681 2125 obliviscitur?

250 2156 332 2225 Quod
351 2158 375 2213 si
394 2159 488 2229 pudica
507 2156 602 2211 murier
620 2158 649 2209 in
667 2171 769 2225 partem
786 2155 876 2223 juvet.

202 2255 238 2305 40
321 2244 458 2307 Domum,
472 2256 550 2313 arque
568 2244 657 2295 dulces
676 2243 795 2306 liberos,

249 2328 343 2383 Sabina
362 2331 466 2399 qualis,
485 2346 529 2401 aur
547 2331 649 2399 perusta
667 2331 769 2385 solibus

322 2414 440 2468 Pernicis
459 2432 529 2466 uxor
546 2415 670 2482 Appuliz
741 2466 745 2471 .

249 2500 357 2553 Sacrum
375 2498 486 2551 vetustis
504 2498 618 2551 exstruat
635 2499 718 2570 lignis
736 2503 825 2556 focum
865 2546 869 2555 .

321 2584 395 2637 Lassi
414 2585 459 2637 sub
478 2586 621 2655 adventum
639 2586 694 2645 siri
709 2606 735 2648 3,

200 2682 234 2738 45
249 2670 430 2739 claudensque
449 2670 530 2749 textis
551 2656 664 2729 ciatibus
683 2674 774 2728 lacrum
792 2683 892 2743 μεως

321 2754 441 2808 Distenta
460 2756 541 2808 siccet
560 2758 663 2818 ubera3

248 2842 281 2894 Et
298 2843 384 2899 horna
403 2841 472 2895 dulci
490 2841 554 2893 vina
573 2854 699 2908 promens
716 2845 811 2911 dolio,'

321 2928 410 2994 Dapes
431 2926 560 2994 inemptas
580 2942 687 2993 apparet
704 2948 711 2980 ε

249 3014 312 3065 Non
331 3028 373 3063 me
392 3009 502 3081 Lucrina
520 3008 638 3075 juverint
656 3012 816 3081 conchylia,

203 3106 237 3158 50
321 3094 439 3171 Magisve
458 3095 602 3177 rhombus,
618 3109 662 3151 aut
680 3096 767 3164 scari,
