2334 4067
276 519 344 588 272
416 499 842 592 Eprsroranvm

273 620 335 672 Non
348 637 375 674 tu
386 639 482 694 corpus
494 647 551 685 eras
562 636 620 688 sine
631 637 737 705 pestore
745 658 751 692 :
759 641 796 692 Di
805 639 853 692 tibi
864 639 1006 705 formum

271 705 310 756 Di
329 707 377 760 tibi
395 710 502 768 divitias
521 719 665 785 dederunt,
682 739 816 793 artemque
833 723 960 778 sruendi.

272 789 344 854 Quid
362 811 462 850 voveat
481 802 549 854 dulci
568 805 699 860 nutricula
718 808 801 874 majus
820 812 957 872 alumno,

272 873 360 940 Quam
373 879 476 950 sapere,
485 885 511 937 bt
520 885 568 940 sari
581 903 611 940 ut
621 891 777 961 possitquae
788 893 897 956 sentiat,
905 911 1001 964 utque

226 969 260 1006 ro
273 959 385 1028 Gratia,
402 967 488 1032 sarna,
504 973 629 1026 valetudo
648 976 785 1046 contingat
803 977 924 1042 abund'e,

272 1046 304 1096 Et
323 1051 434 1104 mundus
453 1054 560 1120 vibius,
576 1075 633 1110 non
650 1060 789 1115 deficiente
807 1065 934 1116 crumenb
951 1069 966 1120 ‚²

271 1130 343 1183 Inter
361 1134 432 1202 spem
453 1155 615 1210 curamque,
633 1143 743 1198 timores
763 1147 831 1200 inter
850 1149 877 1200 bt
895 1150 976 1213 iras,

273 1215 391 1270 Omnem
411 1225 485 1276 crede
504 1225 574 1278 diem
593 1226 642 1280 tibi
660 1229 781 1283 diluxisse
798 1233 967 1302 supremum.

274 1301 358 1354 Grata
377 1303 561 1374 superveniet,
577 1329 635 1380 quar
655 1329 710 1366 non
727 1317 887 1387 sperabitur,
900 1321 984 1373 hora.

228 1399 257 1452 ις
272 1385 317 1438 Me
332 1387 473 1459 pinguem,
487 1395 512 1446 δι
525 1395 637 1448 nitidum
650 1399 718 1452 bene
732 1402 820 1454 curatb
833 1420 894 1456 cute
906 1405 998 1473 vises,

275 1470 366 1536 Quum
384 1473 468 1529 ridere
486 1481 563 1532 voles
573 1518 581 1544 ,
595 1481 702 1549 Epicuri
720 1487 751 1539 de
769 1505 848 1558 grege
865 1506 994 1558 porcum.

275 1623 984 1699 ⁴¹=====Qssissffi===p

398 1753 863 1860 Enrsrorryv.

334 1923 421 1987 Au
479 1935 929 2020 TonQUArvm

274 2050 381 2133 Invitat
396 2095 454 2134 eum
469 2081 509 2136 ad
515 2079 652 2161 frugalem
668 2108 786 2159 conam,
796 2088 849 2169 sed
861 2097 991 2155 mundam

198 2171 204 2182 ‘
542 2179 569 2240 δ’
584 2185 727 2264 genialem.

278 2260 332 2376 Si
352 2342 428 2394 potes
445 2333 579 2388 Archaicis
598 2340 714 2399 conviva
732 2347 882 2401 recumbere
899 2349 994 2417 leuis,

275 2408 330 2459 Nec
350 2415 455 2464 modici
473 2433 580 2470 coenare
599 2422 678 2475 times
697 2429 756 2478 olus
776 2445 856 2482 omne
875 2435 972 2499 patelii
984 2473 997 2500 ,

275 2494 405 2562 Supremo
424 2511 450 2550 te
470 2499 525 2552 sole
545 2504 618 2556 domi
630 2544 638 2570 ,
650 2509 800 2578 Torquate,
816 2518 942 2572 manebo.

181 2613 185 2616 -
275 2579 348 2632 Vina
368 2583 440 2636 bibes
459 2583 555 2638 iterum
571 2589 660 2645 Tauro
679 2595 788 2661 diffusa,
804 2601 929 2666 palustres

250 2669 345 2730 51nter
360 2673 508 2726 Minturnas
525 2675 757 2752 Sinuessanumque
773 2685 920 2743 Petrinum.

275 2755 323 2807 Sin
336 2757 431 2810 melius
444 2761 507 2827 quid
518 2762 778 2832 habes‚arceffe‚vel
789 2770 931 2844 imperium
941 2780 993 2836 ser.

275 2841 290 2894 J
293 2843 434 2894 amdudum
445 2843 562 2910 splendet
573 2846 691 2912 focus,&
700 2852 748 2905 tibi
757 2859 853 2913 munda
862 2859 995 2929 supellex,

276 2925 356 2978 Mitte
375 2927 448 2980 leves
468 2927 544 2996 spes,
563 2931 749 2990 &certamina
768 2939 939 3011 divitiarum,

278 3011 311 3063 Er
327 3013 433 3066 Moschi
451 3013 562 3068 causam.
583 3017 665 3083 Cras,
680 3036 743 3077 nato
761 3026 880 3093 Caesare,
894 3031 976 3089 festus

233 3111 266 3149 ro
277 3098 332 3150 Dat
350 3097 457 3155 veniam
476 3099 651 3172 somnumque
669 3105 724 3161 dies
740 3125 748 3163 r
764 3107 874 3181 impune
892 3115 984 3175 licebit
