2334 4067
272 540 321 617 ῳ
431 490 837 595 Canutuuh

272 647 311 698 Ut
329 660 388 701 tuto
407 648 439 701 ab
457 648 522 703 atris
542 665 657 718 corpore
675 647 778 717 viperis

271 731 445 797 Dormirem‚
461 734 487 786 δι
503 734 572 787 ursis
587 752 596 793 3
612 748 642 785 ut
660 750 794 803 premerer
812 728 883 785 sacti

308 817 468 887 Lauteque,
487 818 637 888 collathque
656 836 766 889 myrto,

224 912 260 953 ιο
343 905 407 956 Non
426 904 484 957 sine
504 907 553 957 Dis
572 905 709 957 animosus
727 905 824 958 infans.

270 988 382 1054 Vester,
401 990 555 1055 Camena,
572 990 658 1044 vestet
676 990 706 1043 in
724 993 820 1043 arduos

271 1076 367 1129 Tollot
383 1077 512 1142 Sabinos,
529 1078 574 1130 seu
593 1076 660 1130 mihi
673 1061 804 1147 vfrigidum

308 1162 454 1227 Praeneste‚
472 1164 517 1216 seu
533 1163 617 1216 Tibur
634 1163 777 1232 supinum,
857 1169 864 1177 '
883 1189 888 1191 ν

344 1250 396 1301 Seu
414 1248 521 1318 liquide
540 1251 662 1317 placuere
680 1249 760 1302 Baiae.

222 1340 255 1399 25
270 1332 372 1387 Vestris
392 1334 508 1387 amicum
526 1334 665 1400 tontibus,
682 1329 709 1386 &
725 1332 832 1397 choris,

271 1421 335 1473 Non
354 1437 396 1477 me
415 1420 546 1491 Philippis
565 1422 642 1473 versa
660 1420 730 1473 acies
749 1436 838 1484 retro,

308 1509 417 1560 Devota
436 1524 493 1559 noa
511 1496 641 1560 exstinxit
658 1508 755 1570 arhor,
846 1505 851 1515 '

344 1594 400 1645 Nec
419 1593 508 1645 Siculi
526 1592 664 1645 Palinurus
683 1591 762 1645 unda.
790 1599 793 1603 '

272 1670 424 1746 Utcumque
443 1686 555 1729 mecum¹
565 1693 617 1728 vos
636 1676 731 1741 eritis,
749 1676 836 1731 libens

226 1769 260 1828 30
270 1763 448 1816 Insanientem
467 1761 558 1813 navita
575 1756 725 1829 Bosporum

308 1848 450 1910 Tentaho,
470 1847 618 1899 &arentes
637 1862 730 1899 arenas

343 1932 454 1984 Lictoris
468 1917 573 2001 ‘Affyrii
591 1932 692 1998 uiator·

271 2016 365 2071 Visam
382 2017 523 2069 Britannos
542 2017 692 2085 hospitibus
710 2017 801 2083 faros.

272 2104 305 2156 Et
323 2105 413 2155 laetum
432 2102 531 2173 equino
551 2102 678 2172 sanguiue
696 2106 877 2157 cotteanum

225 2200 256 2257 35
308 2188 402 2242 Visam
421 2189 586 2255 pharetratos
605 2188 746 2253 Gelonos,

345 2274 378 2325 Et
394 2272 548 2343 Schyticum
566 2271 711 2326 inviolatus
730 2291 846 2333 amnem.

272 2359 332 2411 Vos
353 2359 482 2411 Caesarem
501 2360 605 2421 altum,
622 2358 722 2411 militia
741 2361 821 2414 simul

185 2488 188 2494 ,
270 2442 357 2499 Feffas
377 2444 501 2495 cohortes
520 2441 619 2496 abdidit
637 2444 762 2512 oppidis,

310 2528 398 2583 Finire
418 2542 579 2597 querentem
598 2528 701 2581 labores

225 2634 262 2685 40
346 2612 435 2666 Pierio
454 2610 577 2665 recreatis
597 2628 684 2667 antro.

273 2698 333 2751 Vos
353 2702 411 2752 lene
431 2698 575 2751 consilium
595 2699 622 2750 δι
639 2699 725 2765 datis,
744 2702 770 2753 &
786 2702 849 2757 dato

274 2782 402 2837 Gaudetis
422 2785 507 2836 alme.
528 2782 631 2835 Scimus
649 2800 681 2840 ut
698 2784 797 2854 impios

309 2868 435 2931 Titanas,
451 2868 647 2935 immanemque
666 2883 799 2935 turmam,

346 2953 467 3008 Fulmine
487 2951 617 3006 sustulerit
636 2954 753 3019 caduco,

225 3068 258 3122 45
276 3040 331 3111 Qui
349 3055 446 3092 terram
465 3037 598 3100 inertem,
615 3037 662 3105 qui
680 3055 752 3093 mare
771 3054 901 3109 temperat

276 3125 446 3191 Ventosum.
464 3124 491 3179 ἃ
508 3123 605 3187 urbes,
622 3139 755 3197 regnaque
774 3128 855 3185 tristia
869 3149 879 3192 χ
