2334 4067
285 478 372 574 '238
446 485 872 558 Saturarum
949 462 953 468 ¹

247 615 280 671 ¹9
284 617 297 670 5
307 604 426 657 Gaudeat
438 621 469 660 ut
481 611 596 678 populus
608 610 721 671 Priami,
732 609 900 678 Priamusque
913 601 1065 666 inhumato,

301 690 350 744 Pet
365 707 445 760 quem
462 709 503 746 tot
518 693 629 760 juvenes
646 696 736 764 patrio
752 711 858 749 caruere
874 693 1018 760 sepulcro?

301 777 377 831 Mille
392 778 486 832 ovium
499 780 604 834 insanus
615 782 698 834 morti
709 779 934 848 dedit,inclyturu
943 773 1060 844 Ulyssem

300 863 334 914 Et
344 863 496 918 Menelaum
509 865 561 920 uni
572 883 677 920 metum
687 867 715 919 se
726 866 847 920 occidere
855 865 983 932 clamans.

301 948 343 999 Tu
356 965 437 1018 quum
451 965 501 1017 pro
512 951 598 1004 vitula
607 951 698 1006 statuis
709 953 813 1004 dulcem
824 949 918 1002 Aulide
931 962 1025 998 natam

232 1033 374 1090 raeodute
384 1035 612 1105 aras,spargisque
622 1032 1030 1105 melicaput,imprube,salsi,

301 1119 411 1174 Redium
422 1122 505 1174 animi
515 1124 605 1176 servas
612 1127 624 1177 ὲ
632 1123 767 1190 Quorsum
775 1125 786 1177 i
794 1124 902 1178 Insanus
911 1122 979 1190 quid
988 1120 1063 1174 euim

301 1203 388 1269 Fecit,
401 1223 482 1275 quum
499 1209 592 1263 stravit
604 1212 677 1264 ferro
689 1212 793 1280 pecua?
807 1208 929 1262 abstinuit
942 1207 1007 1260 viru
1086 1208 1087 1267 l

301 1287 411 1354 Uxore,
421 1291 448 1343 δι
459 1309 554 1361 gnato,
566 1297 634 1348 mala
647 1298 730 1348 multa
742 1310 864 1364 precatus
874 1291 986 1346 Atridis.
1087 1296 1088 1343 l

300 1375 364 1428 Nou
379 1377 424 1431 ille
438 1393 482 1430 aut
490 1380 637 1444 Teucrum,
649 1394 694 1432 aut
704 1379 790 1448 ipsum
801 1377 918 1435 violavit
927 1375 1067 1446 ulyssem.
1088 1382 1089 1387 ’

234 1471 297 1526 2205
306 1461 406 1516 Verltm
422 1481 490 1534 ego,
500 1481 532 1518 ut
547 1468 675 1518 herentes
690 1464 801 1517 adverso
816 1463 909 1516 littore
921 1476 1011 1514 naves

302 1549 456 1618 Eriperem,
473 1554 588 1619 prudens
606 1549 709 1617 placavi
726 1549 852 1616 sanguine
866 1549 970 1602 Divos.

302 1635 407 1703 Nempe
426 1647 492 1697 tuo,
507 1633 614 1686 furiose·
632 1632 715 1694 Meo,
728 1633 774 1683 sed
791 1647 848 1683 nou
865 1629 1000 1688 stariosus.

279 1761 283 1766 .
303 1717 359 1784 Qui
377 1717 475 1785 species
492 1717 557 1768 alias
576 1715 666 1780 verit,
683 1715 839 1784 scelerisque
857 1719 978 1770 tumultu

303 1802 450 1854 Permixtas
468 1801 576 1870 capiet,
593 1817 745 1856 commotus
763 1800 901 1854 habebitur
916 1817 925 1861 3
942 1816 1041 1874 atque

230 1885 458 1942 ¹atoSrultitidue
477 1902 565 1952 erret,
581 1886 696 1940 nihilum
714 1886 834 1950 distabit,
848 1903 883 1940 an
900 1885 950 1942 iri.

302 1970 370 2036 Aiax
387 1971 540 2025 immeritos
558 1975 621 2025 dum
641 1971 757 2034 occidit,
772 1971 886 2040 desipit,
901 1989 1009 2042 agnos:
1095 1994 1096 2003 ¹

302 2057 394 2123 Quum
407 2059 522 2125 prudens
534 2058 619 2110 scelus
632 2058 773 2110 ob'titulos
784 2057 902 2111 admittis
914 2058 1031 2125 inanes,

304 2146 361 2198 Stas
370 2143 613 2212 animo?&purum
621 2141 734 2200 estvitia
743 2140 885 2211 tihi,quum
892 2142 1031 2197 tumidum
1041 2145 1097 2200 etit

304 2229 333 2281 Si
348 2227 408 2296 quis
423 2227 642 2284 lesiicdititidam
658 2225 840 2297 gestareamet
855 2235 967 2296 agnam,

217 2370 223 2380 ,
236 2316 377 2388 1ιιςΗιιία
394 2314 513 2378 veliem,
528 2315 558 2365 tit
576 2327 682 2382 gnatae,
698 2327 772 2380 parer
789 2312 897 2366 ancillas
909 2349 919 2376 ,
933 2329 1010 2382 paret
1029 2334 1097 2369 auru

306 2401 416 2462 Pusam,
433 2413 479 2450 aut
496 2397 620 2465 pusillam
639 2399 755 2464 appellet
769 2413 778 2455 ;
793 2395 1028 2465 sortiquemarito

305 2485 424 2540 Destinet
442 2498 555 2535 uxorem
570 2499 578 2542 ς
596 2481 739 2533 interdislo
756 2481 819 2533 huic
837 2497 920 2534 omne
937 2484 1039 2538 adimat
1058 2486 1096 2553 jus

307 2574 424 2634 Praetor,
443 2571 469 2622 δι
486 2570 519 2620 ad
537 2569 615 2620 sanos
632 2567 716 2619 abeat·
726 2568 809 2618 tutela
827 2566 1008 2638 premiaquos.

307 2659 380 2724 Quid
393 2661 404 2712 i
418 2655 442 2708 si
458 2653 518 2723 quis
534 2666 639 2722 gnatam
656 2668 707 2718 pro
723 2665 796 2704 muta
809 2651 928 2704 devoret
944 2669 1029 2722 agna,

231 2744 416 2810 rnoluteger
432 2738 468 2792 est
485 2737 567 2792 animi
582 2739 642 2790 ine
656 2736 851 2805 rixamargo
866 2737 911 2794 uhi
926 2752 1010 2804 prava

308 2824 442 2888 Stultitia,
452 2823 496 2875 hit
509 2824 611 2874 summa
624 2819 662 2873 est
677 2821 789 2873 insaniat
801 2822 863 2887 Qui'
871 2822 1028 2887 sueleratus,

308 2913 341 2968 Et
359 2908 472 2964 furiosus
491 2907 551 2959 erit.
571 2907 660 2972 Quem
670 2905 755 2973 repit,
768 2905 855 2960 vittae
872 2907 962 2971 sama,

276 3031 285 3056 ,
309 2997 389 3052 Hune
406 2990 729 3060 circumtonuitgaudenr
747 2991 857 3044 Bellona
875 2993 1001 3049 eruentis.

309 3079 390 3134 Nunc
404 3093 470 3150 age,
483 3075 617 3131 luxuriam
635 3075 665 3129 da
678 3077 877 3144 Nomenruum
893 3077 987 3147 arripe
999 3095 1097 3132 metum
