2334 4067
253 485 326 558 Da
347 492 490 564 Anna
514 495 760 566 Pnnnrcn.
798 503 866 584 325

128 606 313 678 Purpureus,
327 614 380 668 lar‘e
397 617 444 685 qui
460 619 612 687 splendeat,
627 633 695 668 unus
712 616 737 666 dt
751 615 817 666 alter
890 609 922 664 ¹5

128 695 266 748 Affuitur
280 714 382 766 pannus
394 719 404 760 3
417 719 498 770 quum
513 706 604 768 lucus,
618 703 644 754 δι
657 715 699 753 ara
714 698 823 760 Dianae,

125 778 168 831 'Et
181 785 361 856 properantis
373 803 447 854 aquae
460 803 640 855 peramoenus
653 784 765 838 ambitus
777 797 871 853 agros,

96 902 98 905 -
131 866 195 916 Aut
204 863 615 939 flumenRhenum,aurpluvius
625 869 777 923 describitur
785 881 869 920 arcus.

131 951 191 1001 Sed
203 967 280 1003 nune
291 969 346 1004 non
355 970 411 1006 erat
420 955 462 1007 his
472 958 547 1008 locus
555 973 564 1016 ;
572 941 598 1008 dr
606 953 710 1008 forralle
721 949 868 1020 cuprell'um

132 1033 199 1086 Scis
214 1034 352 1090 simulare.
363 1039 436 1103 Quid
446 1039 498 1092 hoc
509 1043 519 1092 ἒ
529 1041 552 1092 si
563 1040 651 1094 stadiis
663 1051 750 1092 enatat
761 1037 854 1104 exspes
884 1038 921 1078 2⁰

132 1118 284 1184 Nauibus,
295 1139 346 1173 aare
359 1123 422 1175 dato
435 1124 481 1193 qui
494 1126 612 1195 pingitur
624 1128 636 1178 ,²
647 1125 773 1191 amphora
788 1120 872 1189 coepit

135 1200 269 1267 Institui,
284 1221 406 1259 currente
422 1209 482 1260 rota
496 1225 543 1261 cur
557 1225 650 1262 urceus
667 1207 746 1262 exit?

132 1288 271 1358 Denique
281 1290 870 1362 sit‚quodvis,simplexduntaxar‚&unum.

138 1375 270 1426 Maxima
279 1392 339 1443 pars
347 1376 699 1445 vatum‚pater,&juvenes
708 1390 782 1443 patre
791 1373 877 1444 digni,

140 1458 310 1527 Decipimur
326 1461 412 1527 specie
428 1462 502 1514 redii.
517 1463 611 1515 Brevis
629 1460 680 1514 elle
698 1461 810 1523 laboro,
886 1464 919 1521 25

147 1545 294 1598 Obscurus
310 1543 370 1605 ἧος
385 1546 528 1599 sedlantem
540 1547 640 1610 ,lavim
655 1545 731 1598 nervi

146 1629 295 1684 Deficiunt
308 1631 443 1700 animique
456 1650 466 1690 a
480 1632 607 1698 professus
623 1631 729 1701 grandia
743 1641 849 1698 turgere
916 1636 918 1641 ’

145 1716 244 1784 Serpit
256 1716 331 1767 humi
344 1730 418 1769 tutus
429 1717 558 1781 nimium,
569 1715 730 1784 timidusque
739 1715 875 1782 procellae.
897 1749 900 1754 -

145 1801 206 1866 Qui
224 1800 329 1852 variare
345 1801 420 1869 cupit
434 1817 490 1853 rem
507 1793 690 1870 prodigialiter
706 1815 798 1862 unam,
1016 1847 1018 1853 ,

143 1883 317 1953 Delphinum
332 1885 418 1954 sylvis
434 1884 570 1953 appingit,
586 1885 707 1938 fludiibus
725 1901 827 1952 aprum.
887 1892 923 1947 10

138 1967 178 2020 ln
195 1970 298 2022 vitium
316 1968 389 2022 ducit
406 1971 492 2036 culpae
508 1969 587 2037 fuga,
604 1969 628 2022 ti
648 1979 718 2022 earet
737 1984 799 2024 arte.

146 2052 292 2106 AEmilium
311 2053 379 2105 eirca
396 2055 487 2106 ludum
504 2054 592 2116 faber,
607 2071 675 2106 unus
695 2055 721 2106 dt
736 2069 838 2124 ungues

147 2137 311 2207 Exprimer,
327 2139 353 2190 δι
368 2140 464 2190 molles
483 2137 629 2190 imitabitur
647 2155 697 2190 aere
714 2138 848 2205 capillost

148 2213 252 2276 Infelix
267 2223 357 2290 operia
374 2223 491 2286 summi,
505 2223 568 2292 quia
585 2239 684 2290 ponere
701 2236 788 2274 tutum

149 2307 271 2361 Nesciet.
279 2307 355 2360 Hune
365 2323 417 2376 ego
427 2324 484 2370 me,
493 2308 515 2359 si
526 2306 591 2376 quid
602 2320 763 2375 componere
775 2321 877 2371 curem,
889 2319 922 2374 35

150 2393 219 2445 Non
234 2393 318 2462 magis
330 2391 382 2444 effe
395 2392 493 2456 velim,
502 2390 582 2460 quim
594 2407 680 2460 pravo
690 2393 785 2445 vivere
798 2393 876 2456 naso,

153 2477 332 2544 spectandum
348 2476 430 2546 nigris
447 2477 549 2540 oculis,
564 2477 694 2546 nigroque
711 2479 819 2546 capillo.

155 2562 262 2615 Sumite
279 2563 415 2614 materiam
433 2561 545 2623 vestris,
562 2562 608 2628 qul
626 2561 756 2624 scribitis,
774 2579 877 2631 aequam

156 2646 287 2710 Viribus,
303 2647 330 2698 dt
343 2647 446 2699 versate
462 2645 523 2708 diu,
539 2644 602 2712 quid
619 2645 686 2696 ferte
704 2644 840 2710 recusent,

158 2730 234 2796 Quid
245 2733 351 2782 valeant
364 2729 535 2782 laumeriCui
546 2728 614 2782 ledia
628 2744 751 2797 potenter
763 2731 814 2782 erit
826 2747 881 2798 res,
890 2749 928 2798 40

157 2815 217 2868 Nec
233 2813 355 2868 facundia
370 2815 470 2868 deseret
485 2815 570 2877 hunc,
584 2808 633 2866 nec'
648 2815 749 2866 lucidus
764 2818 842 2868 ordo.

163 2899 277 2952 Ordinis
287 2902 343 2953 ltaec
352 2901 439 2953 virtus
449 2898 516 2962 erit,
527 2899 554 2950 δι
561 2899 671 2962 Venus,
680 2913 723 2950 aut
732 2917 783 2969 ego
794 2903 885 2967 fallor,

163 2983 204 3034 Ut
220 2983 274 3049 jam
290 2999 360 3036 nunc
375 2984 445 3034 dicat
463 2981 515 3048 jam
532 2997 603 3034 nunc
617 2983 736 3035 debentia
753 2985 827 3044 diti3

160 3063 290 3140 Pleraque
302 3067 582 3138 differat,&1>taeseus
594 3066 623 3122 iu
637 3081 740 3139 tempus
755 3071 883 3148 omittat}
