2334 4067
306 484 374 556 268
452 490 880 583 Eri-rronruuur

305 607 512 675 Huucamor,ira
518 613 623 680 quidem
630 610 1039 675 communireturitutrumquea

306 694 443 764 Quidquid
461 698 572 750 delirant
591 715 685 768 reges,
701 696 851 766 plenuntur
867 693 988 747 Achivi.

261 791 290 842 15
306 777 458 846 seditione,
470 783 554 846 dolis,
568 783 682 843 scelere,
697 782 776 853 arque
792 781 922 845 libidine,
936 781 967 833 δι
979 778 1040 842 ἰή,
1092 772 1093 853 i

305 864 401 918 Iliacos
420 866 488 920 iutra
508 884 599 921 muros
618 884 759 936 peccatur,
777 869 804 920 δι
818 881 905 918 extra.

305 948 417 1003 Rursum
438 953 502 1020 quid
520 953 626 1015 virtus,
645 954 672 1004 &
688 953 753 1021 quirl
771 950 898 1018 sapientia
918 950 1040 1017 possit,

306 1035 380 1088 Utile
398 1037 539 1104 proposuit
557 1038 635 1090 nobis
654 1039 789 1105 exemplar
806 1034 931 1106 Ulyssem
948 1054 958 1093 3

307 1119 362 1186 Qui
378 1120 495 1172 domitor
509 1121 615 1188 Trojz,
628 1126 773 1174 multorum
786 1121 916 1190 providus
934 1122 1038 1183 urbes,

259 1220 294 1258 20
306 1205 338 1256 Et
347 1222 436 1258 mores
445 1206 587 1260 hominum
595 1207 862 1276 inspexit31atumque
868 1222 916 1274 per
922 1223 1037 1273 equor,

306 1288 379 1340 Dum
389 1290 453 1354 sibi,
461 1293 524 1344 dum
534 1292 614 1344 sociis
625 1292 738 1344 reditum
749 1291 935 1361 parar,aspera
946 1294 1038 1343 multa

306 1373 437 1438 Pertulit,
452 1377 570 1429 adversis
590 1393 678 1429 rerum
697 1375 882 1429 immersabilis
901 1370 996 1431 undis'.

307 1461 428 1514 Sirenum
448 1479 549 1528 voces,
565 1463 593 1519 δι
609 1463 691 1516 Circo
709 1463 806 1530 pocula
824 1460 917 1514 nostit

308 1547 376 1612 Qua
395 1547 418 1599 si
437 1563 499 1600 curn
516 1547 597 1600 sociis
615 1547 707 1600 stultus
726 1547 887 1615 cupidusque
904 1545 1035 1610 bibisset,

261 1644 292 1698 25
309 1630 361 1684 Sub
381 1631 488 1684 domina
507 1631 645 1685 meretrice
663 1630 750 1684 firifl'et
767 1631 853 1701 turpis
870 1632 897 1684 δι
910 1647 1035 1684 excors:

308 1715 423 1769 Vixiffet
442 1716 513 1768 canis
533 1716 703 1781 immundus,
718 1719 763 1770 vel
781 1716 868 1768 amica
885 1718 944 1768 luto
965 1717 1024 1769 sus.

308 1803 367 1853 Nos
384 1817 509 1852 numerus
527 1801 632 1865 sumus,
645 1803 769 1873 &fruges
784 1803 940 1855 consumere
954 1801 1037 1866 nati,

309 1883 408 1952 sponsi
426 1883 587 1956 Penelopa,
604 1889 769 1951 nebulones,
787 1888 966 1956 Alcinoique,

310 1967 341 2019 ln
360 1984 420 2021 cute
441 1973 553 2024 curanda
571 1975 631 2040 plus
650 1989 728 2041 aequo
748 1989 855 2042 operata
873 1973 1006 2040 juventus
1028 1993 1036 2027 r

265 2071 299 2125 30
312 2053 364 2107 Cui
383 2055 522 2123 pulchrum
540 2057 591 2108 fuit
609 2056 638 2106 in
656 2057 759 2109 medios
778 2058 893 2111 dormire
911 2057 988 2122 dies,
1008 2060 1036 2111 bt

312 2139 353 2194 Ad
373 2140 509 2210 strepitum
532 2141 639 2194 cithara
661 2139 785 2196 celsarum
804 2146 897 2196 ducere
915 2161 1021 2199 curam.

312 2229 352 2279 Ur
361 2226 482 2296 jugulent
492 2226 630 2278 hominem
637 2265 644 2289 ,
652 2227 760 2296 surgunt
771 2229 803 2280 de
814 2227 892 2280 nobie
902 2231 1039 2289 latronem

313 2313 353 2364 Ut
371 2327 398 2364 te
417 2311 503 2380 ipsum
522 2313 628 2375 serves,
642 2328 698 2363 non
716 2313 936 2382 expergisceris?
956 2315 1034 2384 atqui

316 2397 345 2446 Si
363 2400 439 2450 noles
457 2397 555 2460 sanus,
569 2413 657 2448 curres
676 2396 837 2466 hydropicus
854 2415 863 2458 ;
881 2399 908 2450 δι
924 2400 954 2450 ui

270 2500 301 2557 35
315 2482 410 2536 Posces
429 2497 489 2536 ante
508 2480 579 2534 diem
598 2481 694 2533 librum
714 2498 775 2534 cum
794 2484 914 2548 lumine,
934 2484 1034 2538 sinon

318 2570 441 2623 intendes
461 2567 579 2620 animum
599 2566 689 2619 studiis
709 2569 830 2621 &rebus
848 2569 982 2635 honestis,

316 2655 422 2708 Invidii
440 2656 485 2706 vel
502 2669 595 2706 amore
612 2651 681 2720 vigil
698 2653 862 2720 torquebere.
882 2657 951 2706 Nam
971 2673 1033 2720 cur.

318 2741 387 2808 Quae
406 2741 504 2792 laedunr
522 2740 637 2800 oculos,
655 2735 761 2790 festinas
776 2739 883 2792 'demere
899 2759 908 2799 ς
927 2740 952 2792 si
970 2743 1035 2809 quid

320 2825 363 2878 Est
377 2823 510 2892 animum,
523 2821 613 2874 differs
628 2822 737 2874 curandi
751 2837 856 2892 tempus
870 2823 900 2877 in
913 2831 1035 2882 annum?

271 2925 309 2975 40
322 2908 470 2962 Dimidium
485 2906 546 2960 faui
555 2944 563 2970 ,
573 2905 619 2976 qui
632 2905 731 2974 coepit,
740 2907 819 2960 haber
830 2927 838 2963 r
851 2909 941 2977 sapere
953 2914 1036 2978 aude,

321 2996 422 3066 Incipe.
442 2992 498 3060 Qui
516 2990 587 3044 reike
604 2990 716 3044 vivendi
733 3009 861 3064 prorogat
878 2995 990 3060 horam,

208 3093 210 3097 '
322 3083 443 3138 Rusticus
464 3077 598 3148 exspeilat
616 3079 679 3132 dum
697 3076 793 3132 defluat
812 3078 896 3134 amnis
914 3099 923 3141 ;
943 3082 1035 3137 atille
