2334 4067
284 606 361 667 Neu,
376 602 401 656 si
416 619 444 658 te
457 609 571 674 populus
588 606 680 660 sanum
696 601 817 672 teiie'que
831 602 981 654 valentem

285 689 415 754 Distitet,
430 694 561 744 occultam
577 693 676 745 febrem
694 691 739 742 sub
753 704 857 756 tempus
873 685 980 738 edendi

180 779 183 784 '
285 773 553 839 Dissimulesuonec
561 776 681 830 manibus
694 792 793 828 tremor
802 773 901 826 incidat
912 770 1021 824 unctis.

287 860 433 913 Stultorum
450 861 567 914 incurata
581 863 671 930 pudor
683 863 767 912 malus
782 861 870 910 ulcera
885 859 973 913 celat.

240 959 271 1011 ις
287 946 316 998 Si
333 945 394 1014 quis
405 948 479 998 bella
495 946 545 998 tibi
563 945 633 999 terrai
649 959 763 1016 pugnata
778 943 899 1010 marique

287 1031 384 1095 Dicat,
397 1032 423 1083 dr
434 1031 476 1084 his
486 1032 575 1084 verbis
590 1049 685 1084 vacuas
700 1030 862 1099 permulceat
875 1043 958 1078 aures
972 1044 984 1078 τ

287 1117 363 1167 Tene
373 1115 457 1185 magis
468 1117 570 1169 salvum
580 1119 695 1185 populus
705 1114 783 1178 velit,
788 1129 821 1166 an
830 1115 969 1182 populum
978 1125 1023 1175 tu,
1091 1127 1092 1164 t

288 1203 385 1254 Servet
394 1201 425 1254 in
435 1203 575 1272 ambiguo,
584 1201 630 1271 qui
643 1201 757 1254 consulit
769 1201 795 1252 δι
804 1199 867 1261 tibi,
876 1196 1005 1260 umbi.
1091 1205 1092 1230 ²

289 1286 413 1356 Jupiter:
426 1287 534 1357 Augusti
548 1288 638 1340 laudes
653 1286 794 1356 agnoscere
809 1283 910 1352 postis.
965 1297 971 1308 ·
1091 1271 1092 1284 ¹

244 1385 278 1441 30
290 1374 382 1439 Quum
396 1373 494 1440 pateris
509 1372 631 1441 sapiens,
644 1371 846 1438 emendatusque
860 1368 981 1436 vocari,

289 1456 477 1526 Respondesne
491 1472 555 1521 tuo,
568 1456 610 1510 dic
626 1457 718 1520 sodes,
729 1454 838 1508 nomine
851 1456 864 1508 ἓ
877 1471 985 1523 nempe
1091 1451 1092 1530 J

289 1540 343 1593 Vir
357 1542 458 1607 bonus,
469 1543 620 1609 &prudens
634 1539 687 1594 dici
703 1539 818 1592 delector
831 1555 899 1608 ego,
910 1555 944 1592 ac
958 1555 1002 1594 tu.
1091 1543 1092 1584 ἐ

291 1626 347 1692 Qui
358 1627 429 1680 dedit
439 1627 491 1680 hoc
501 1626 582 1678 hodie
591 1665 599 1690 ,
607 1625 710 1690 cras‚si
721 1627 810 1688 volet,
820 1625 920 1678 auferet
930 1641 983 1678 tut
995 1625 1025 1680 ti
1091 1607 1092 1692 i

291 1712 424 1764 Detulerit
438 1711 518 1762 fasces
534 1710 662 1780 indigno,
678 1710 794 1763 detrahet
810 1709 890 1764 idem.
1091 1699 1092 1712 ¹

246 1802 275 1857 35
291 1794 477 1856 rotumum
487 1793 537 1857 est,
548 1794 635 1864 inquit
645 1813 651 1847 :
663 1810 737 1863 pono
745 1834 752 1857 ‚
760 1793 892 1864 tristisque
904 1797 1022 1852 recedo.

290 1881 378 1944 Idem,
391 1879 414 1932 si
428 1881 524 1932 clamet
539 1880 640 1944 iurem,
654 1895 733 1953 neget
747 1879 797 1932 effe
812 1879 956 1948 pudicum,

237 2004 239 2008 ⁷
291 1965 442 2027 contendat
456 1968 553 2034 laqueo
569 1967 668 2019 collum
684 1963 805 2032 pressiffe
820 1980 980 2034 paternum,

259 2038 418 2105 f'Mordear
433 2049 584 2116 opprobriis
599 2047 686 2110 falsis,
700 2065 852 2118 mutemque
866 2053 1004 2104 colores?

246 2148 279 2214 '39
293 2137 380 2189 Falsus
396 2136 484 2188 honor
498 2131 589 2198 juvat,
603 2132 629 2184 &
642 2135 756 2184 mendax
772 2134 879 2186 infamia
895 2150 982 2188 terret
1014 2165 1018 2172 ·

245 2222 396 2287 Quammisi
406 2219 598 2282 mendosum,&
605 2215 851 2270 medicandudeir
858 2220 944 2270 bonus
952 2219 992 2272 est
998 2223 1075 2290 quis?

293 2306 349 2370 Qui
360 2305 478 2359 consulta
489 2319 595 2371 patrum
603 2340 611 2368 r
620 2302 666 2371 qui
678 2303 749 2370 leges
761 2302 868 2371 juraque
880 2305 988 2364 servate

293 2391 357 2455 Quo
372 2390 460 2442 multae
475 2403 630 2456 magnaeque
646 2387 766 2442 secantur
780 2386 866 2452 judice
879 2387 941 2440 lites
954 2407 965 2448 ς

293 2477 358 2543 Quo
373 2491 415 2527 res
430 2471 572 2540 sponsore,
584 2472 611 2523 dt
625 2488 679 2539 quo
695 2471 776 2523 causae
790 2471 852 2524 teste
866 2477 1020 2528 tenentur?
1091 2493 1092 2534 5

295 2561 345 2613 Sed
359 2559 434 2612 videt
448 2559 518 2611 bunc
533 2555 623 2611 omnis
639 2557 750 2620 domus,
765 2557 790 2608 &
804 2556 905 2609 vicinia
920 2573 981 2616 tota
1091 2571 1092 2592 ἱ

245 2659 278 2710 45
294 2645 439 2698 Introrsum
455 2657 574 2710 turpem,
587 2640 734 2708 speciosum
751 2643 819 2708 pelle
836 2642 944 2700 decord.

295 2729 351 2780 Nec
366 2729 466 2780 furtum
483 2727 550 2790 feci,
565 2741 614 2778 nec
629 2725 702 2794 fugi.
718 2725 742 2778 si
758 2726 824 2780 mihi
842 2727 906 2782 dicit
1091 2781 1092 2784 ,

295 2817 414 2867 Servus:
427 2813 515 2866 Habes
530 2810 645 2879 pretium
654 2827 666 2869 i
675 2810 741 2862 loris
757 2829 812 2863 non
826 2812 928 2878 ureris,
939 2812 997 2870 aio.
1091 2815 1092 2858 i

294 2896 505 2953 Nonhominem
515 2895 771 2962 occidizNonpasces
780 2896 808 2946 in
817 2913 894 2950 cruce
903 2915 1018 2956 corvos.

295 2989 360 3040 Sum
370 2986 456 3037 bonus
466 2983 493 3033 δι
500 2980 585 3049 frugi:
596 2978 694 3036 Renuit
705 2979 857 3049 negitatque
867 2983 996 3040 Sabellus.

251 3091 284 3144 50
296 3075 394 3126 Cautus
410 3065 483 3122 euim
495 3065 590 3121 metuit
605 3065 718 3120 foveam·
728 3067 823 3139 lupus,
835 3069 1017 3142 accipiterque

177 526 179 530 -
287 505 357 576 294
428 483 857 554 Errsronanvrr

1091 1085 1092 1126 i

1091 1165 1092 1202 i
