2334 4067
185 631 907 731 ufflssefflwwu·
937 581 940 586 Ι

249 751 647 890 CARMEN
720 804 847 901 xu

328 982 414 1039 AD
467 974 763 1043 NEAERAM.

235 1124 302 1181 Non
315 1120 454 1200 situatam
474 1128 510 1185 ab
530 1150 563 1187 ea
576 1128 661 1205 fidem
679 1126 855 1206 conqueritur.

186 1252 307 1371 Nox
327 1336 398 1385 erat,
413 1320 439 1375 &
454 1325 525 1375 coelo
544 1324 660 1393 fulgebat
677 1320 750 1373 Luna
767 1322 861 1373 sereno

260 1402 331 1456 Inter
342 1406 452 1465 ¹minora
471 1408 555 1459 sidera
568 1446 577 1471 ,

186 1492 279 1555 Quum
298 1506 327 1545 tu
345 1511 501 1563 magnorum
521 1498 621 1547 numen
639 1492 731 1548 laesura
747 1492 867 1544 Deorum

259 1579 289 1629 ln
307 1581 387 1631 verba
405 1580 508 1645 jurabas
528 1596 610 1639 mea;

185 1658 290 1711 Arciilis
310 1676 387 1729 atque
406 1662 483 1713 ederi
502 1679 612 1730 procera
630 1660 796 1731 adstringitur
812 1661 884 1726 ilex,
936 1668 948 1723 5

254 1742 347 1795 Lentis
368 1745 500 1799 adhaerens
520 1746 655 1799 brachiis:

186 1828 258 1877 Dum
277 1828 369 1895 pecori
388 1832 483 1898 lupus,
502 1832 527 1883 &
543 1831 632 1882 nautis
651 1830 756 1884 infestus
777 1830 866 1884 Orion

258 1908 386 1966 Turburet
404 1916 553 1983 hybernum
572 1930 661 1979 mare,

185 1997 361 2066 Intonsosque
380 1998 489 2067 agitaret
507 1999 640 2066 Apollinis
659 2016 720 2052 aura
739 2000 866 2067 capillos,

258 2080 326 2155 Fore
342 2084 413 2135 hunc
432 2097 550 2135 amorem
569 2098 701 2136 mutilum.
916 2093 951 2129 10

185 2164 213 2216 0
232 2169 238 2217 l
257 2156 372 2218 dolitura
392 2165 449 2217 mei
469 2169 582 2218 multum
601 2167 719 2226 virtute,
735 2168 851 2219 Neara:

256 2251 324 2301 Nam
344 2250 367 2301 si
387 2252 450 2317 quid
468 2250 497 2300 in
515 2250 607 2302 Flacco
625 2250 678 2301 viri
697 2249 751 2311 est,

182 2336 247 2385 Non
266 2334 332 2385 feret
350 2334 467 2387 assiduas
486 2332 588 2399 potiori
607 2349 633 2385 te
652 2334 712 2385 dare
730 2331 840 2396 aoeies,

256 2420 289 2469 Et
308 2433 407 2487 quaeret
426 2418 505 2469 iratus
524 2435 624 2486 parem.

181 2506 242 2557 Nec
261 2504 341 2556 semel
360 2502 457 2557 offensi
476 2504 549 2555 cedet
567 2503 711 2554 constantia
729 2502 838 2565 forme,
916 2518 945 2568 ις

255 2587 283 2639 Si
303 2603 389 2639 certus
410 2586 515 2639 intrarit
534 2588 621 2640 dolor.

180 2674 218 2725 At
237 2687 266 2724 tu
286 2672 446 2740 quicumque
465 2688 493 2722 es
512 2668 635 2734 felicior,
652 2684 732 2739 atque
749 2686 812 2725 meo
831 2688 901 2725 nuuc

204 2823 206 2829 y
255 2757 387 2824 Superbus
408 2754 509 2808 incedis
529 2756 620 2817 malo,

180 2841 224 2892 Sis
244 2856 341 2907 pecore
361 2838 387 2890 δι
404 2838 486 2890 multi
505 2838 580 2891 dives
597 2840 693 2891 'tellure
711 2839 818 2907 licebit,

255 2924 370 2991 Tibique
387 2922 507 2975 Paclolus
527 2920 592 2977 fluat
606 2940 616 2982 ;
911 2941 946 2977 20

179 3013 283 3065 Necte
302 3008 459 3078 Pythagorae
478 3007 568 3059 fallant
587 3024 678 3060 arcana
696 3008 798 3074 renati,

254 3092 401 3162 Formlque
419 3090 512 3144 vincas
532 3090 630 3152 Νίκας

678 3182 703 3234 H
721 3182 751 3252 iij
