2334 4067
284 486 898 581 1520AnM1nuntLrn.·IV.

314 608 426 677 injecit,
446 618 605 688 emovitque
624 622 734 689 culpas,

348 697 381 749 Et
400 714 505 755 veteres
525 705 666 759 revocavit
687 721 777 770 artes,

275 776 324 831 Per
343 798 407 851 quas
426 786 548 841 Latinum
568 806 688 856 nomen,
706 792 821 845 &Italae

277 868 391 923 Crevere
410 870 501 937 vires,
520 875 661 945 famaque,
680 879 823 948 &Imperi

230 957 259 1009 15
311 953 432 1009 porrecta
451 959 569 1026 maiestas
590 964 730 1015 adortum

346 1042 417 1095 Solis
436 1046 467 1096 ab
486 1046 615 1115 Hesperio
633 1048 723 1101 cubili.

207 1161 210 1169 .
274 1122 385 1180 Custode
404 1146 491 1181 rerum
513 1135 635 1196 Caesare,
651 1151 709 1186 non
724 1134 800 1187 sutor

274 1211 391 1277 Civilis,
410 1230 455 1266 aut
473 1216 517 1269 vie
536 1218 637 1271 eximet
657 1210 767 1284 orium:

310 1297 371 1348 Non
391 1298 449 1362 ira,
466 1318 524 1369 quae
543 1304 668 1371 procudit
686 1306 783 1370 enses,

227 1384 261 1421 20
346 1382 377 1435 Et
396 1385 503 1438 miserus
524 1387 643 1442 inimicat
662 1392 748 1445 urbes.

270 1466 334 1517 Non
353 1467 399 1537 qui
418 1470 576 1537 profundum
595 1475 748 1528 Danubium
762 1476 876 1542 bibunt,

270 1552 360 1605 Edicta
379 1571 502 1623 rumpent
520 1558 615 1612 iulia:
635 1576 691 1612 non
712 1562 810 1627 Getae,

307 1639 370 1691 Non
389 1640 483 1704 Seres,
504 1640 614 1697 infidive
633 1643 737 1710 Perse,

342 1726 406 1776 Non
422 1726 533 1779 Tanaim
553 1744 637 1796 prope
655 1728 757 1785 flumen
775 1732 839 1785 orti.

223 1811 254 1863 25
270 1808 377 1877 Nosque
397 1811 423 1862 δι
441 1810 560 1877 profestis
579 1812 700 1878 lucibus,
720 1816 747 1868 &
763 1816 860 1882 sacris,

269 1894 340 1946 Inter
357 1893 445 1961 jocoti
464 1912 572 1951 munera
592 1898 700 1963 Liberi,

307 1982 375 2031 Cum
395 1982 470 2047 prole
490 1982 670 2053 matronisque
688 1983 804 2051 nostrie,
895 2034 899 2041 .

342 2062 402 2117 Rite
422 2066 497 2117 Deos
517 2066 590 2133 priris
609 2068 761 2146 apprecati,

270 2151 377 2204 Virtute
394 2150 497 2204 funiios
516 2168 593 2209 ruore
611 2166 716 2220 patrum
734 2156 832 2221 duces,

224 2239 258 2294 30
271 2238 350 2308 Lydis
370 2236 476 2290 remisto
495 2234 611 2290 carmine
629 2236 722 2302 tibiis,

306 2321 486 2391 Troiamque,
504 2322 529 2375 δι
545 2321 697 2387 Anchisen,
715 2324 741 2375 &
756 2327 850 2382 almar

340 2406 499 2478 Progeniem
515 2408 627 2463 Veneris
646 2425 778 2464 canemus.

383 2642 465 2707 Finis
485 2644 576 2724 quarti
595 2643 671 2707 Libri
691 2644 858 2728 Lyricorum.
