2334 4067
325 545 546 615 Lrnnn
595 543 660 614 11.
784 559 853 632 317

127 657 245 715 Talibus
262 665 357 720 officiis
374 666 460 737 prope
477 681 616 730 mancum,
628 679 662 717 ne
676 677 734 714 mea
750 660 835 714 sevus

130 746 260 815 surgares
277 752 309 802 ad
326 765 352 803 te
371 751 444 820 qudd
461 751 570 820 epistola
589 752 660 802 nulla
677 747 791 801 veniret.

131 831 211 896 Quid
228 849 285 885 tum
303 835 422 903 profeci,
438 853 541 890 mecum
557 834 682 888 facientia
697 831 756 899 jura

133 915 164 968 Si
174 931 266 970 tamen
274 920 527 990 attentasi‘queretis
537 919 674 988 superhoc
682 915 760 968 eriam
769 912 855 983 ‚qudd

134 1001 294 1070 Exspedtata
310 1005 359 1057 tibi
377 1023 432 1058 non
449 1006 553 1058 mittam
570 1003 686 1058 carmina
701 1003 824 1055 mendax.
867 1023 900 1071 25

135 1086 241 1140 Luculli
259 1089 337 1143 miles
354 1089 465 1144 colleda
481 1090 579 1143 viatica
598 1087 689 1141 multis

135 1173 289 1241 AErumnis,
304 1176 382 1230 laffus
400 1180 462 1230 dum
481 1177 561 1230 nodiu
578 1176 678 1240 stertit,
693 1176 724 1226 ad
740 1171 820 1225 assem

136 1258 357 1330 Perdiderattpost
363 1264 415 1314 hoc
421 1264 565 1315 vehemens
571 1255 857 1329 lupus‚&sibi,&hosti

136 1344 223 1397 Iratus
243 1347 361 1413 pariter,
378 1347 476 1414 jejunis
494 1347 616 1400 dentibus
635 1361 712 1410 acer,

135 1428 294 1483 Presidium
311 1435 398 1501 regale
416 1435 478 1485 loco
497 1431 612 1498 dejecit,
628 1446 657 1484 ut
674 1433 766 1496 aiunt,
870 1441 905 1496 30

138 1514 249 1568 Summ‘e
263 1516 388 1582 munito,
399 1518 426 1570 dc
440 1520 582 1570 multarum
598 1516 682 1569 divite
697 1533 796 1584 rerum.

139 1603 234 1654 Clarus
252 1603 287 1654 ob
298 1601 332 1654 id
346 1603 461 1667 fadum,
476 1602 553 1654 donis
571 1617 679 1654 ornatur
693 1601 831 1656 honestis:

138 1685 245 1753 Accipit
262 1688 288 1738 δι
303 1687 343 1740 bis
359 1690 424 1740 dena
441 1689 519 1756 super
534 1687 648 1740 sestertia
663 1687 811 1740 nummtim.

139 1769 219 1823 Fott'e
233 1770 279 1822 snb
291 1771 344 1824 hoc
357 1786 462 1839 tempus
479 1771 611 1824 castellum
626 1787 745 1824 evertere
758 1771 858 1824 Praetor

140 1855 238 1907 Nescio
255 1856 327 1924 quod
344 1855 471 1924 cupiens,
486 1856 587 1907 hortari
603 1856 687 1924 coepit
702 1858 823 1909 eumdem
871 1869 902 1921 35

139 1940 248 2002 Verbis,
257 1957 316 2007 quae
326 1940 422 1992 timido
434 1957 540 2008 quoque
552 1939 655 2008 poffent
665 1942 758 1993 addere
770 1955 884 1994 mentem
896 1959 904 1995 t

140 2025 169 2087 1,
180 2027 249 2077 bone
258 2062 265 2086 ‚
275 2022 330 2094 qud
344 2025 430 2078 virtus
448 2041 492 2076 tua
506 2041 533 2078 te
548 2041 641 2088 vocat,
654 2026 663 2078 i
678 2027 744 2094 pede
758 2027 858 2087 fausto.

143 2109 260 2161 Grandia
275 2111 376 2162 laturus
392 2109 548 2161 meritorum
565 2110 681 2177 praemin.
698 2111 771 2175 Quid
786 2110 860 2163 stas?

142 2193 204 2244 1²0st
217 2195 276 2246 haec
292 2194 337 2245 ille
352 2208 441 2251 catut,
453 2193 622 2260 quantumvis
637 2193 763 2257 rusticus,
777 2193 839 2257 ibit,

142 2277 195 2329 lbit
211 2275 245 2328 ed
260 2274 315 2344 qud
329 2275 390 2336 vis,
405 2276 452 2344 qui
467 2293 563 2327 zonam
577 2277 708 2344 perdidit,
724 2277 822 2350 inquit.
870 2290 908 2340 4ο

141 2361 235 2412 Rornae
251 2359 346 2412 nutriri
363 2359 429 2411 mihi
446 2359 577 2429 contigit,
595 2377 674 2430 atque
690 2361 797 2428 doceri,

141 2447 225 2498 Iratus
241 2444 331 2496 Graiis
350 2459 477 2513 quantum
494 2443 623 2496 nocuiffet
639 2445 764 2500 Achilles.

143 2531 269 2598 Adjecere
284 2532 361 2582 bonae
376 2528 457 2596 pauli)
472 2531 533 2596 plus
549 2529 612 2581 artis
628 2532 754 2593 Athenae,

143 2615 250 2672 Scilicet
266 2630 295 2667 ut
312 2613 413 2683 poffem
431 2631 515 2666 curvo
533 2613 686 2682 dignoscere
704 2613 823 2679 redium,

142 2707 231 2773 Atque
243 2701 313 2754 inter
327 2702 418 2770 sylvas
434 2698 557 2750 Academi
571 2714 688 2765 quaerere
702 2715 807 2753 verum.
873 2713 906 2765 45

143 2793 218 2844 Dura
234 2789 278 2840 sed
292 2802 418 2839 emovere
431 2786 495 2836 loco
510 2799 554 2835 me
568 2797 690 2850 tempora
706 2799 798 2852 grat05

145 2872 293 2939 Civilisque
308 2870 398 2920 rudem
413 2867 475 2919 beni
491 2867 553 2918 tulit
566 2866 640 2919 aestus
655 2867 683 2918 in
697 2885 784 2932 arma,

147 2959 255 3010 cesaris
269 2953 377 3023 Augusti
394 2969 451 3004 non
468 2953 622 3020 responsura
640 2953 753 3008 lacertis.

144 3049 222 3100 Unde
241 3045 319 3098 simul
336 3040 453 3109 primtim
471 3056 513 3090 me
533 3040 654 3092 dimisere
672 3039 788 3110 Philippi

144 3129 249 3188 Decisis
267 3126 396 3182 humilem
415 3122 530 3195 pennis,
545 3122 706 3195 inopemque
723 3125 826 3194 paterni
875 3141 910 3191 50

640 3214 666 3270 o
686 3216 716 3286 iij
