2334 4067
293 488 345 566 34
450 438 904 550 Crumerum·

265 594 402 663 llmpune
422 610 509 651 tutum
529 618 578 669 per
596 616 690 657 nemus
710 598 816 657 arbutus

289 680 420 745 Quaerunt
437 684 569 750 latentes,
587 689 613 740 δι
629 690 722 758 thyma
740 687 826 742 ‹leviae

325 764 436 819 Olentis
455 786 554 823 uxores
573 772 685 827 matriti:

361 852 419 905 Nec
437 854 536 908 virides
555 871 678 911 metuunt
695 858 835 921 colubras,

276 934 346 987 'Nec
367 936 502 991 Martiales
521 939 652 993 haedulee
670 944 748 1010 lupos
764 960 772 1001 ς

243 1030 278 1073 ιο
289 1021 440 1091 Utcumque
461 1025 550 1088 dulci,
566 1026 705 1095 Tyndari,
721 1026 806 1079 fistuli

325 1107 437 1171 Valles,
457 1110 483 1161 &
499 1110 595 1163 Ustieae
613 1112 731 1164 cttbantie

361 1192 443 1245 Levia
461 1195 620 1266 personuere
639 1197 710 1249 saxa.

286 1274 326 1329 Di
342 1293 385 1330 me
402 1292 509 1331 tuentur
523 1298 530 1333 r
546 1280 598 1332 Dis
615 1281 698 1349 pietas
717 1298 791 1346 mea,

287 1362 321 1413 Er
339 1363 411 1415 musa
429 1363 502 1416 cordi
519 1364 565 1419 est.
584 1367 655 1419 ilinc
672 1366 722 1420 tibi
739 1369 819 1437 copie

242 1463 273 1518 ις
326 1448 448 1502 Manabir
464 1453 496 1502 ad
513 1452 623 1519 plenum
640 1451 756 1523 benigno

362 1531 442 1587 Ruris
458 1534 593 1589 honorum
611 1539 738 1606 opulenta
754 1552 848 1595 cornu.

288 1619 342 1673 llic
360 1619 389 1671 in
406 1621 510 1673 reduila
526 1624 615 1681 valle,
631 1622 768 1676 canicule

285 1704 396 1761 ¹Vitatbis
415 1704 490 1757 aeilus
505 1722 513 1764 ς
533 1704 560 1757 &
574 1704 627 1757 fide
642 1706 709 1759 Teii

258 1823 261 1832 =
325 1789 408 1841 Dices
425 1791 574 1843 laborantes
592 1790 622 1843 iu
637 1806 694 1843 uno

243 1892 278 1932 20
361 1872 514 1944 Penelopen
531 1874 698 1946 vitreamque
715 1875 822 1933 circen.

289 1956 341 2011 llic
358 1956 511 2013 innocentis
528 1963 624 2031 pocula
638 1960 726 2015 Lesbii

288 2044 380 2099 Duces
398 2046 444 2097 sub
460 2048 573 2107 umbra3
589 2064 639 2101 nec
652 2047 798 2102 Semeleius

326 2132 393 2184 Cum
412 2131 499 2184 Marte
517 2134 661 2186 confundet
674 2134 823 2203 Tityoneut

360 2216 459 2269 Proelia
472 2236 481 2277 ·‚
496 2234 547 2271 nee
564 2234 666 2271 metuet
683 2231 841 2286 protervum

242 2321 272 2375 ²5
289 2301 413 2370 Suspetia
432 2304 549 2373 Cyrum,
565 2321 599 2355 ne
616 2302 684 2357 male
702 2304 798 2372 dispari

287 2387 487 2441 incontinentes
506 2387 611 2453 injiciat
627 2401 742 2448 manuel

325 2474 358 2526 Et
375 2472 474 2525 scindat
490 2473 635 2526 herentem
651 2489 779 2527 coronam

362 2555 501 2624 Crinibus,
516 2556 728 2627 immeritamque
745 2558 855 2614 vestem.
920 2619 923 2627 ¹

623 2772 672 2868 θ
