2334 4067
313 499 384 572 3¹4
455 483 885 556 Enrsrorrnunr

310 601 434 656 Sollicito
445 606 552 672 damus,
561 622 606 660 aut
617 606 698 669 seffor
709 624 791 678 quum
800 607 1036 670 ladimur,ununt

309 687 338 740 Si
355 687 415 756 quis
429 691 575 744 amicorum
590 692 626 745 est
642 695 717 747 ausus
733 694 889 761 reprendere
902 692 1038 748 versum

308 771 400 836 Quum
416 779 475 829 loca
490 776 543 840 iarn
557 778 666 832 recitata
680 779 847 832 revolvimus
863 777 1039 835 irrevocatis

308 857 400 922 Quum
415 862 592 915 lamentamur
606 881 662 918 non
678 881 803 934 appatere
818 866 923 918 labores

243 948 293 1002 225
307 943 435 1009 Nostros,
448 947 475 998 dt
489 947 565 1000 tenui
580 948 688 1002 dedudia
704 950 828 1018 podmata
843 949 913 1008 filos

306 1029 397 1093 Quum
410 1031 542 1097 speramus
553 1031 588 1086 ed
599 1051 655 1086 rent
665 1050 805 1088 venturam
812 1074 820 1099 ,
827 1048 858 1087 ut
867 1034 1037 1102 simulatque

306 1114 431 1167 Carmina
446 1115 564 1168 rescieris
580 1134 631 1170 nos
648 1117 767 1188 fingere,
781 1121 940 1171 commodus
954 1120 1036 1171 ultro

305 1197 441 1264 Areeffas,
453 1200 480 1252 δι
492 1217 570 1269 egere
584 1216 680 1265 vetes,
696 1203 722 1254 &
736 1201 847 1255 scribere
863 1199 953 1271 cogas.

305 1283 356 1334 Sed
368 1298 456 1336 tamen
467 1283 504 1336 est
516 1302 605 1352 operae
617 1287 732 1354 pretium
748 1286 1033 1355 cognoscere,quales

241 1376 295 1430 arn
307 1368 429 1422 AEdiruos
444 1370 537 1422 habear
552 1370 616 1423 belli
633 1371 746 1439 speum
761 1372 889 1441 domique

304 1454 415 1518 Virtus,
429 1453 540 1524 indigno
556 1471 613 1507 nnn
628 1455 817 1508 committenda
832 1455 933 1522 podrae.

305 1543 406 1596 Gratus
420 1544 572 1595 Alexandro
590 1542 646 1612 regi
661 1543 763 1612 Magno
780 1542 831 1596 suit
847 1542 894 1595 ille

305 1629 456 1690 Choerilus,
470 1627 577 1678 incultis
594 1626 640 1695 qui
654 1627 775 1678 versibus
793 1626 819 1678 δι
832 1623 902 1679 male
918 1623 992 1681 natis

304 1710 417 1762 Rettulit
433 1725 573 1776 acceptos,
591 1711 676 1779 regale
694 1709 840 1772 numisma,
855 1709 1012 1779 Philippos.

241 1803 290 1857 ης
304 1795 355 1845 Sed
367 1793 453 1850 veluti
467 1791 575 1846 tradate
589 1807 681 1844 noram
695 1795 833 1861 labemque
847 1793 992 1848 remittunt

303 1879 474 1944 Atramenta,
486 1875 544 1932 ser'e
559 1878 700 1946 scriptores
718 1876 833 1930 carmine
849 1877 924 1930 foedo

303 1964 444 2032 Splendida
460 1963 527 2017 sadis
543 1963 640 2016 linunt.
656 1962 728 2015 ldern
745 1979 794 2016 rex
809 1963 872 2027 ille,
890 1965 993 2032 posnan

302 2050 360 2118 Qui
376 2065 430 2103 tarn
448 2050 587 2102 ridiculum
604 2063 657 2100 tarn
675 2047 735 2101 care
750 2049 876 2120 prodigus
893 2051 980 2116 emit,

279 2160 281 2164 ·
303 2136 397 2190 euno
412 2135 500 2188 vetuit
518 2150 552 2186 ne
569 2132 628 2201 quis
645 2133 687 2194 se,
703 2149 798 2201 praerer
811 2135 952 2201 Apellem,

241 2233 294 2282 auo
305 2223 443 2292 pingeret,
457 2236 501 2272 aut
516 2217 582 2272 nlius
597 2217 717 2287 Lysippo
735 2220 839 2271 duceret
854 2235 922 2282 aeta,

304 2308 391 2360 Fortis
406 2302 549 2358 Alexandri
565 2303 671 2355 vultum
688 2301 849 2356 simulantia.
864 2301 946 2368 Quod
963 2304 989 2357 si

304 2390 437 2445 Jndiciurn
454 2388 548 2440 subtile
565 2387 688 2439 videndis
706 2386 804 2439 artibus
822 2387 888 2438 illud

303 2476 345 2528 Ad
360 2475 443 2527 libros
459 2473 486 2525 δι
498 2473 531 2523 ad
546 2472 602 2523 haec
619 2471 753 2523 Musarum
772 2473 841 2524 dona
856 2488 989 2540 vocares,

305 2559 431 2610 Boeotum
447 2556 477 2608 in
493 2553 576 2608 craffo
592 2552 690 2619 jutntes
708 2555 767 2607 a'e're
784 2570 886 2608 natum.

241 2659 291 2709 ²45
306 2645 341 2695 At
355 2660 443 2711 neque
459 2642 616 2694 dedecorant
632 2653 677 2690 tua
686 2641 724 2714 de
741 2639 767 2692 se
783 2637 891 2704 judicia,
905 2639 987 2710 atque

304 2730 435 2791 Munera,
451 2745 508 2796 quae
522 2727 605 2778 multa
621 2724 706 2777 dantis
722 2740 782 2777 curn
795 2727 870 2778 laude
884 2729 1025 2796 tulerunt,

305 2811 404 2864 Dileui
421 2812 470 2864 tibi
486 2809 636 2879 Virgilius,
650 2809 797 2878 Variusque
815 2811 912 2878 podtae.

305 2901 363 2952 Nec
379 2897 462 2967 tnagis
478 2894 599 2964 expressi
615 2895 705 2946 vultus
722 2911 769 2962 per
783 2897 881 2948 ahenea
895 2895 986 2967 signa,

307 2980 395 3048 Quint
411 2997 459 3048 per
472 2981 542 3031 vatis
559 2995 627 3045 opus
644 2995 732 3030 mores
749 2978 883 3048 animique
897 2980 1022 3037 virorum

243 3086 296 3139 ²50
307 3067 444 3121 Clarorum
460 3078 587 3134 apparent
599 3079 607 3117 ε
621 3077 670 3116 nec
684 3062 819 3118 sermones
834 3080 885 3135 ego
901 3065 1010 3119 mallent
