2334 4067
346 541 467 611 Lrn
492 560 518 611 E
542 560 569 611 rt
628 544 658 610 1.
797 560 866 633 301

144 652 218 719 Quid
233 656 265 711 de
282 676 389 732 quoque
403 666 480 729 viro,
492 667 519 719 br
528 665 571 719 cui
585 665 673 729 ditas,
684 664 752 733 sepe
762 664 867 715 videro.
931 730 934 733 ⁴

139 736 355 799 Percontatorern
372 750 474 821 fugito,
487 768 549 803 nam
565 753 683 821 garmlus
699 751 769 802 idem
784 748 840 807 este

138 824 196 877 Nec
209 828 326 884 retinent
340 838 436 901 patula
451 835 590 889 commiffa
603 835 718 887 fideliter
730 850 820 896 aures,
870 844 907 895 70

139 910 173 963 Et
186 914 267 968 semel
282 918 403 972 etniffum
417 926 493 976 volat
506 923 682 975 irrevocabile
695 921 817 974 verbum.

139 996 205 1050 Non
220 1002 314 1055 ancilla
330 1020 406 1059 ruurn
420 1007 494 1076 jecur
506 1010 609 1061 ulceret
620 1008 688 1070 ulla,
701 1020 805 1074 puerve

138 1082 211 1136 lutra
226 1104 405 1145 marmoreum
419 1092 564 1147 venerandi
580 1094 665 1144 limen
680 1090 780 1149 amicir

138 1169 181 1221 Ne
196 1172 320 1227 dominus
335 1179 411 1243 pueri
424 1179 528 1247 pulchri
537 1216 546 1239 ,,
556 1194 658 1229 caraeve
673 1178 768 1243 puellae

139 1253 254 1309 Munere
265 1272 291 1309 te
302 1276 388 1327 parvo
398 1263 472 1327 beet,
483 1278 527 1314 aut
538 1262 725 1313 incommodus
736 1269 824 1328 angar.
872 1268 908 1317 75

139 1338 258 1403 Qualem
264 1346 610 1413 commendes‚etiamarque
617 1345 697 1395 etiarn
706 1344 837 1411 aspice‚ne
843 1357 910 1393 mox

96 1468 99 1476 r
137 1424 272 1492 incutiant
287 1428 373 1481 aliena
388 1430 437 1483 ribi
452 1444 559 1499 peccata
575 1431 716 1497 pudorem.

137 1510 272 1577 Fallimur,
280 1514 306 1565 bt
315 1518 448 1583 quondam
460 1532 516 1567 non
527 1514 636 1582 dignum
646 1512 782 1564 tradimus.
790 1512 861 1581 Ergo

137 1598 229 1663 Quem
244 1599 288 1651 sua
302 1602 379 1669 culpa
393 1598 512 1669 premet,
523 1602 649 1667 deceptus
664 1596 760 1650 ornirte
774 1598 862 1651 tueri:

138 1684 175 1732 Ar
191 1682 297 1749 penitus
314 1700 410 1744 norunt
429 1686 452 1738 si
468 1700 575 1738 tentent
587 1682 715 1747 erimina,
730 1682 834 1742 serves,
876 1682 911 1733 8ο

138 1767 299 1835 Tuterisque
316 1784 365 1820 ruo
379 1770 506 1822 fidentem
521 1768 664 1837 presidio,
679 1766 727 1836 qui

137 1851 228 1903 Dente
241 1854 385 1905 Theonino
400 1871 482 1922 quum
498 1852 717 1913 circumroditur,
730 1849 827 1920 ecquid

75 2000 79 2005 Ι
138 1938 181 1990 Ad
197 1953 223 1989 te
239 1936 296 2008 prist
310 1936 391 2006 paulb
406 1952 519 1990 ventura
535 1937 651 2005 pericula
665 1936 769 1989 sentis?

137 2027 209 2077 Nam
222 2038 267 2076 tua
278 2040 320 2075 res
332 2023 426 2093 agitur,
434 2023 518 2090 paries
530 2038 612 2090 quum
623 2022 763 2090 proximus
775 2022 846 2074 ardet
851 2040 862 2081 ;

135 2112 170 2164 Et
185 2108 303 2179 neglelia
318 2108 405 2161 solent
418 2106 539 2160 incendia
553 2106 656 2159 sumere
668 2104 751 2157 vires.
874 2105 908 2168 85

135 2196 235 2250 Dulcis
251 2194 399 2263 inexpertis
414 2194 516 2245 cultura
529 2192 648 2260 potentis
664 2189 765 2249 amici;

135 2281 270 2349 Expertus
287 2278 391 2332 metuit.
402 2278 459 2341 Tu,
472 2279 534 2329 dum
550 2290 598 2327 rue
609 2273 686 2325 navis
699 2274 729 2324 io
739 2274 795 2325 alto
807 2273 861 2338 etl,

136 2368 200 2419 Hoc
215 2382 277 2435 age,
290 2382 323 2417 ne
336 2376 438 2416 murata
453 2360 596 2413 retrorsum
612 2375 638 2411 te
651 2360 717 2411 ierat
731 2376 802 2411 aura.

137 2454 262 2505 Oderunt
277 2451 389 2503 hilarem
406 2448 508 2511 tristes,
522 2446 674 2513 tristemque
689 2443 802 2511 jocosir

136 2540 264 2595 sedatum
280 2537 396 2599 celeres,
412 2534 507 2603 agilem
524 2546 693 2599 gnavumque
707 2527 833 2590 remitti3
873 2542 911 2595 90

136 2624 252 2677 Potores
267 2620 352 2675 bibuli
369 2618 457 2671 medii
475 2618 506 2667 de
523 2618 581 2666 luce
597 2612 702 2664 Falerni

136 2710 263 2763 Oderunt
277 2704 399 2775 perrefita
414 2716 554 2771 negantem
570 2698 666 2766 pocula
679 2715 686 2748 ι
701 2697 827 2765 quamvis

136 2793 293 2847 Noclutnor
309 2788 380 2857 iures
398 2802 427 2839 te
439 2784 581 2839 formidare
593 2796 725 2848 reperet,

136 2878 227 2933 Deme
243 2874 388 2943 supercilio
404 2873 511 2924 nubem.
530 2868 688 2935 Plerumque
703 2866 839 2923 modestus

136 2964 263 3029 Occupat
278 2958 381 3013 obscuri
398 2957 530 3025 speciem,
547 2952 691 3005 taciturnus
708 2953 803 3007 acerbi.
870 2973 906 3029 95

136 3050 210 3100 lnrer
226 3047 318 3099 cimela
334 3047 423 3113 leges,
440 3042 465 3092 δι
481 3039 670 3107 percontabere
686 3038 801 3103 doctos,

136 3131 321 3202 Qulratione
339 3144 421 3201 queas
438 3127 572 3180 traducere
590 3122 687 3181 leniter
703 3139 817 3187 evurti-
