2334 4067
357 503 579 572 Lrurrr
630 503 693 572 II.
817 514 888 594 257

164 618 346 695 Romanoque
364 626 476 690 habitu,
493 625 584 694 prodis
604 642 639 678 ex
656 623 742 692 judice
761 623 847 675 Dama

164 708 284 777 Turpis,
305 714 445 764 odoratum
466 729 544 780 caput
562 713 716 764 obscurante
735 709 855 771 lacerna,
897 720 927 774 55

165 795 236 856 Non,
242 814 271 850 es
283 801 355 867 quod
366 799 474 852 simulas
485 803 495 852 l
507 816 627 852 metuens
639 799 772 852 induceris
780 836 787 861 ‚
796 813 874 867 atque

165 881 317 937 Altercante
335 884 489 937 libidinibus
508 886 600 938 tremis
619 884 673 937 offa
692 901 803 952 pavore.

167 965 242 1029 Quid
260 968 356 1033 refert,
371 970 413 1021 uri
430 970 533 1040 virgis,
547 971 670 1038 ferroque
690 969 778 1022 necari

167 1051 326 1106 Austoratus
345 1071 388 1107 eas
403 1074 411 1116 3
427 1073 461 1108 an
479 1054 550 1123 turpi
569 1057 671 1108 clausus
691 1053 719 1106 in
738 1071 813 1120 arca,
864 1043 866 1050 ⁵

166 1134 233 1200 Qud
253 1152 280 1188 re
299 1139 406 1190 demisit
424 1140 526 1207 peccari
545 1139 649 1192 conscia
667 1138 778 1202 herilis,
894 1137 930 1190 6ο

165 1221 341 1272 contractum
358 1223 467 1290 genibus
482 1239 572 1294 tangat
588 1226 688 1292 caput?
704 1223 773 1276 estne
789 1222 885 1277 marito

164 1303 302 1357 Matronae
321 1308 453 1374 peccantis
472 1308 501 1358 in
519 1309 610 1360 ambos
630 1307 694 1374 justa
712 1307 848 1376 potessas?

165 1391 200 1442 In
220 1405 405 1458 corruptorem
422 1394 467 1443 vel
485 1391 588 1459 justior.
608 1392 654 1443 llla
673 1406 760 1443 tamen
779 1392 806 1442 se

166 1477 232 1528 Non
250 1475 343 1528 habitu
363 1491 483 1528 mutatve
500 1479 579 1540 loco,
594 1490 722 1544 peccatve
741 1473 868 1542 superni,

167 1559 260 1623 Quum
274 1574 300 1612 te
314 1561 439 1613 formidet
454 1560 564 1625 mulier,
576 1578 663 1629 neque
678 1563 764 1612 credat
778 1559 885 1611 amanti.
896 1559 927 1626 65

165 1643 220 1696 Ibis
239 1645 285 1697 sub
302 1646 402 1698 furcam
419 1649 552 1714 prudens,
569 1645 734 1713 dominoque
752 1643 850 1697 furenti

167 1731 330 1783 committet
339 1749 396 1782 rem
405 1748 513 1784 omnem
524 1731 640 1784 &vitam
649 1771 656 1794 ,
665 1732 690 1784 &
698 1747 757 1782 cum
769 1747 881 1799 corpore
891 1732 997 1786 famam.

165 1814 256 1866 Evasti
274 1818 286 1870 i
306 1818 385 1868 credo
404 1833 525 1880 metues,
543 1816 686 1884 doctusque
706 1816 820 1870 cavebis.

166 1904 280 1969 Qnaeres
292 1905 396 1971 quando
408 1902 504 1954 iterum
515 1919 630 1970 paveas,
642 1902 789 1972 iterumque
800 1901 887 1972 perire

167 1984 269 2038 Possis.
287 1984 315 2037 Ο
333 1985 416 2037 toties
435 1986 550 2039 servus!
569 2002 627 2054 quae
645 1987 730 2038 bellua
749 1989 851 2055 ruptis,
897 2003 934 2053 70

167 2071 259 2137 Quum
278 2071 359 2124 semel
377 2070 484 2141 effugit,
497 2071 582 2124 reddit
602 2072 627 2123 se
647 2087 728 2140 prava
746 2072 868 2132 catenis,²

166 2158 231 2209 Non
241 2157 299 2209 sum
310 2158 449 2220 moechus,
459 2156 506 2208 ais.
517 2159 611 2224 Neque
622 2173 673 2224 ego
683 2157 788 2206 hercule
800 2156 856 2219 fur,
867 2155 912 2214 ubi
924 2160 985 2214 vasa

166 2243 299 2295 Praeteteo
317 2243 420 2310 sapiens
440 2255 573 2310 argentea.
591 2241 670 2291 Tolle
689 2239 837 2308 periclum,

165 2329 225 2381 lam
244 2343 312 2394 vaga
330 2327 453 2394 prosiliet
471 2326 553 2378 frenis
573 2339 664 2376 natura
684 2324 804 2377 remotis.

166 2414 245 2464 Tune
255 2411 320 2463 milti
329 2413 555 2476 dominus,rerum
565 2409 686 2478 imperiis
696 2411 887 2481 hominumque
897 2430 930 2482 75

167 2500 223 2550 Tot
233 2496 363 2565 tantisque
373 2497 472 2559 minor,
479 2513 557 2566 quem
568 2511 609 2548 ter
616 2495 732 2547 vindidla
743 2511 887 2565 quaterque

166 2582 297 2651 Imposita
307 2581 376 2632 haud
386 2597 512 2650 umquam
524 2581 619 2634 miseri
631 2581 774 2634 formidine
785 2582 891 2650 privet?

166 2671 241 2722 Adde
255 2668 333 2736 super
347 2665 439 2727 dinis,
452 2666 524 2734 quod
539 2682 595 2717 non
609 2666 696 2718 levitis
710 2669 807 2722 valeat.
819 2669 887 2722 Nam

167 2755 232 2808 Sive
250 2751 366 2807 vicarius
385 2750 440 2814 est,
458 2749 504 2818 qui
523 2749 602 2804 servo
621 2765 696 2819 paret
716 2751 778 2815 (uti
796 2771 856 2806 mot

166 2843 258 2897 Vester
269 2842 326 2911 ait)
337 2842 383 2894 seu
394 2838 552 2900 conservus,
561 2836 611 2890 tibi
623 2839 688 2908 quid
699 2839 755 2892 sum
767 2857 817 2910 ego
829 2845 840 2895 3
852 2857 948 2910 nempe

167 2927 210 2978 Tu
224 2925 291 2977 mihi
305 2923 351 2993 qui
366 2921 517 2991 imperitas,
530 2921 589 2973 aliis
604 2922 687 2975 servis
702 2924 796 2986 miser,
807 2939 885 2994 atque
898 2936 929 2985 ει

166 3011 299 3072 Ducetis‚
313 3024 343 3060 ut
362 3007 452 3060 nervis
471 3006 564 3060 alienis
583 3007 683 3060 mobile
701 3009 813 3078 lignum.

167 3096 295 3168 Quisnam
310 3092 391 3168 igitur
404 3092 471 3150 liber
482 3095 493 3148 ἓ
506 3091 631 3166 Sapiens,
642 3093 693 3148 sibi
708 3095 755 3170 qui
769 3095 927 3171 imperiosus
939 3118 949 3160 ς
