2334 4067
296 452 523 553 Lrirn
583 484 682 555 111.
807 501 850 578 95

170 602 219 656 Hic
236 600 315 657 ruffe
335 604 514 671 formidatus,
530 604 576 660 ille
870 615 901 671 15

203 688 358 743 Missilibus
377 691 473 745 melior
491 690 603 763 sagittis.

140 776 259 828 Foecunda
279 778 370 844 eulpae
389 776 474 829 secula
493 779 600 847 nuptias

139 860 246 913 Primum
266 860 465 930 inquinavere,
480 864 507 916 δι
522 880 623 935 genus,
637 862 665 916 δι
678 863 796 916 domuit

169 946 226 999 Hoc
245 946 326 999 fonte
347 946 466 1001 derivata
484 952 570 1003 clades

202 1032 234 1084 In
243 1033 388 1101 patriam,
402 1037 587 1105 populumque
604 1034 695 1090 fluxit.
870 1050 908 1089 ιο

140 1118 226 1173 Motus
245 1120 344 1171 doceri
364 1122 458 1190 gaudet
476 1122 584 1177 Ionicos
716 1191 720 1194 ,

140 1203 239 1257 Matuta
259 1204 344 1275 virgo
360 1222 369 1267 3
388 1206 413 1269 ὃς
430 1205 540 1277 fingitur
558 1208 657 1263 artibus

170 1290 229 1343 Jam
248 1306 342 1356 nunc,
358 1290 384 1343 bt
401 1291 514 1345 incestos
533 1299 639 1349 amores

205 1376 251 1428 De
270 1391 369 1432 teneto
390 1377 531 1433 meditatur
549 1381 644 1451 ungui.

141 1460 206 1513 Mox
223 1459 350 1527 iuniores
370 1464 464 1531 quatit
483 1466 618 1520 adultemr

142 1548 208 1600 Inter
226 1549 321 1604 mariti
342 1549 425 1614 vina,
444 1566 532 1620 neque
553 1551 629 1622 eligit

176 1636 227 1689 cui
247 1637 335 1691 donet
353 1636 515 1704 impermista
533 1637 631 1706 raptim

212 1722 341 1788 Gaudia,
358 1722 502 1785 luminibus
521 1724 656 1784 remotitt

145 1808 192 1859 Sed
209 1806 275 1872 julla
296 1825 388 1862 coram
407 1824 463 1861 non
481 1808 538 1862 sine
557 1809 666 1863 conscio

147 1894 233 1963 Surgit
252 1894 372 1958 marito,
390 1894 436 1947 seu
453 1908 536 1947 vocat
554 1894 675 1960 institor,

179 1980 232 2033 Seu
251 1981 332 2035 navis
351 1979 475 2049 Hispanae
493 1978 631 2050 magister,

216 2068 390 2121 Dedecorum
408 2066 542 2134 pretiosus
559 2081 675 2135 emptor.

150 2152 210 2204 Non
227 2154 272 2207 his
291 2152 418 2217 iuventus
437 2166 497 2205 orta
515 2152 666 2221 parentibus

150 2238 243 2292 Infecit
261 2256 356 2307 equor
373 2236 498 2307 sanguine
510 2236 641 2296 -Punic03

185 2325 390 2395 Pyrrhumque,
405 2324 432 2377 δι
449 2323 586 2392 ingentem
603 2319 698 2375 cecidit

220 2410 403 2473 Antiochum,
419 2408 629 2477 Annibalemque
647 2408 752 2459 dirum:

154 2495 201 2549 Sed
220 2497 377 2551 rusticorum
394 2495 509 2547 mascula
526 2493 643 2547 militum

153 2580 263 2650 Proles,
279 2581 388 2637 Sabellis
407 2582 483 2635 dotia
501 2580 636 2649 ligonibus

188 2672 302 2725 Versare
321 2670 429 2739 glebas,
447 2668 474 2719 ἃ
492 2666 592 2719 severa

225 2756 321 2810 Matris
340 2757 372 2811 ad
389 2752 528 2809 arbitrium
545 2748 645 2803 recisos

157 2840 263 2897 Portare
280 2841 379 2902 fustes,
394 2840 435 2893 sol
453 2838 499 2892 ubi
518 2835 653 2890 montium

157 2926 274 2983 Mutaret
291 2929 416 2990 umbras,
434 2926 462 2979 bt
478 2924 539 2995 juga
557 2924 675 2977 demeret

190 3016 279 3069 Robur
297 3013 433 3085 fatigaris,
449 3010 565 3064 amicum

227 3102 345 3175 Tempus
363 3115 444 3173 agenr
462 3098 574 3151 abeunte
593 3110 682 3150 cruru.
