2334 4067
267 507 834 623 rffl·SArrnAnvM

213 641 250 692 4ο
261 630 376 688 Infantes
394 637 508 705 statuas,
527 641 572 696 seu
591 643 684 714 pingui
703 659 791 697 tentus
809 642 903 696 omaso

261 717 352 773 Furius
371 722 502 792 hybernas
521 728 586 780 cani
605 730 669 782 nive
687 725 815 797 conspuet
831 727 923 794 hipes.

260 803 551 879 Nonnevides(aliquis
561 813 768 866 cubitostantem
776 811 859 881 prop'e
867 820 983 878 tangens
1092 806 1093 809 ’

261 885 379 955 inquiet)
393 907 422 943 ue
436 895 541 960 pariens
555 899 566 950 ἓ
582 909 612 949 ut
626 898 720 951 amicis
735 913 811 966 aptus
825 900 836 950 ?
850 910 881 949 ut
897 894 982 946 acer?

262 969 353 1026 Plures
373 980 504 1032 nnnabttnt
523 982 617 1034 chunni
629 1022 637 1047 ‚
651 983 678 1034 δι
694 982 789 1035 cetaria
808 981 934 1034 crescent.

214 1069 248 1122 45
263 1055 290 1107 si
310 1059 354 1110 cui
374 1077 496 1128 praeterea
514 1065 618 1118 validus
637 1065 706 1118 male
724 1065 797 1118 filius
816 1065 845 1116 in
863 1079 893 1115 re

263 1142 387 1196 Praeclari
407 1147 521 1201 sublatus
540 1151 642 1214 aletur,
658 1167 693 1202 ne
711 1149 877 1202 manifestum

265 1231 371 1282 Caelibis
390 1233 546 1302 obsequium
565 1237 647 1288 nudet
663 1251 709 1300 te,
723 1236 820 1289 leniter
837 1237 867 1286 in
880 1233 959 1303 spem

264 1314 367 1383 Adrepe
387 1317 518 1372 officiosus
533 1340 541 1380 ς
558 1336 587 1373 ut
605 1322 757 1375 &scribare
775 1322 902 1374 secundus

265 1399 367 1464 Heres,
384 1401 428 1467 ts,
443 1403 466 1456 si
486 1405 545 1472 quis
565 1407 637 1459 casus
655 1424 767 1475 puerum
784 1407 869 1476 egerit
886 1405 988 1470 Orco,

222 1484 295 1553 501n
314 1503 429 1540 vacuum
448 1491 551 1543 venias.
572 1491 682 1544 Perrard
701 1493 756 1545 haec
774 1495 831 1544 alea
849 1491 926 1544 fallit.

268 1571 324 1636 Qui
340 1572 522 1626 testamentum
536 1578 621 1628 tradet
636 1576 683 1628 tibi
699 1591 810 1643 cumque
824 1577 987 1643 legendum,

267 1656 404 1720 Abnuere,
419 1660 444 1713 &
458 1662 555 1712 tabuiis
573 1679 590 1712 o
605 1675 631 1712 te
649 1675 787 1712 removere
804 1673 942 1710 memento
956 1678 966 1719 ς

268 1741 312 1794 Sic
331 1757 420 1796 tamen
438 1759 467 1796 ut
486 1744 557 1796 lintis
576 1746 661 1812 rapias
681 1743 745 1813 quid
762 1742 849 1810 prima
867 1742 990 1794 secundo

270 1829 337 1878 Cera
355 1829 423 1881 velit
441 1831 518 1882 versu
539 1849 546 1882 t
566 1831 658 1894 solus,
676 1829 799 1882 multisne
818 1829 947 1894 coheres,

223 1922 252 1975 55
270 1913 367 1966 Veloci
385 1932 507 1984 percurre
526 1919 618 1970 oculo.
637 1916 793 1985 Plerumque
811 1914 933 1967 recoiius

270 2000 359 2053 Scriba
371 2017 406 2053 ex
418 2001 598 2070 quinqueviro
613 2017 726 2053 corvum
737 2003 841 2054 deludet
851 2000 990 2066 hiantem,

270 2086 448 2157 Captatorque
467 2086 536 2140 dabit
555 2085 621 2137 risus
639 2085 735 2138 Nasica
755 2089 870 2139 Corano.

270 2175 342 2225 Num
352 2172 432 2226 duris?
441 2173 595 2240 adpendens
602 2169 847 2233 iudis·me‚obscura
854 2170 975 2222 canendo
987 2171 1001 2226 ἓ

273 2259 299 2312 0
315 2258 464 2322 laertiade,
474 2255 602 2327 quidquid
615 2254 714 2317 dimin,
727 2269 774 2308 aur
784 2254 848 2317 erit,
858 2271 905 2307 aut
917 2271 993 2308 none

225 2343 402 2398 60·Divinare
422 2341 521 2396 etenim
542 2358 651 2410 magnus
671 2340 738 2392 mihi
757 2342 838 2393 donat
856 2340 965 2409 Apollo.

273 2429 346 2496 Quid
364 2441 452 2480 tamen
470 2425 516 2477 ista
532 2426 599 2477 velie
618 2425 668 2477 sibi
687 2426 790 2489 fabula,
802 2426 825 2477 si
841 2426 921 2488 licet,
931 2427 992 2480 ede.

273 2518 408 2582 Tempore
422 2528 476 2582 quo
489 2509 595 2578 juvenis
606 2509 708 2562 Parthis
721 2510 883 2574 horrendus,
893 2515 923 2564 ah
935 2513 996 2564 alto

274 2597 420 2652 Demiffum
440 2611 523 2668 genus
540 2595 644 2658 AEnea,
663 2595 759 2646 tellure
777 2595 898 2664 marique

276 2685 389 2755 Magnus
407 2683 475 2744 erit,
491 2680 555 2734 forti
574 2671 655 2732 nubet
672 2695 782 2748 procera
801 2683 908 2735 Corano

230 2773 262 2834 ὃς
276 2770 344 2825 Filia
362 2767 486 2829 Nasica,
503 2764 646 2818 metuentis
664 2766 770 2817 reddere
789 2766 901 2821 soldun.

278 2857 349 2909 Tum
360 2868 440 2923 gener
449 2853 502 2903 hoe
513 2851 605 2913 faciet,
613 2850 712 2902 tabulas
722 2851 815 2904 socero
825 2853 909 2916 dabit,
916 2867 999 2924 etque

280 2944 319 2996 Ut
336 2943 407 3009 legat
425 2935 511 2990 orabit
529 2955 538 2989 e
557 2937 670 2988 multum
688 2935 783 2986 Nasica
801 2953 907 3006 negatas

281 3026 402 3094 Accipiet
421 3023 544 3083 tandem,
562 3021 589 3071 δε
606 3019 700 3072 tacitus
718 3023 806 3091 leget,
824 3021 1000 3094 invenietque

283 3110 330 3168 Nil
349 3108 399 3164 sibi
418 3109 552 3180 legatum,
573 3119 668 3175 praeter
686 3106 810 3176 plorare,
829 3105 943 3180 suisque.
1003 3146 1007 3154 .
