<?xml version="1.0" encoding="UTF-8"?>
<!DOCTYPE html PUBLIC "-//W3C//DTD XHTML 1.0 Transitional//EN"
    "http://www.w3.org/TR/xhtml1/DTD/xhtml1-transitional.dtd">
<html xmlns="http://www.w3.org/1999/xhtml" xml:lang="en" lang="en">
 <head>
  <title>
</title>
<meta http-equiv="Content-Type" content="text/html;charset=utf-8" />
  <meta name='ocr-system' content='tesseract 3.04.00' />
  <meta name='ocr-capabilities' content='ocr_page ocr_carea ocr_par ocr_line ocrx_word'/>
</head>
<body>
  <div class='ocr_page' id='page_1' title='image "./quintihoratiifl03horagoog_0046.png"; bbox 0 0 2334 4067; ppageno 0'>
   <div class='ocr_carea' id='block_1_1' title="bbox 268 480 828 557">
    <p class='ocr_par' dir='ltr' id='par_1_1' title="bbox 268 480 828 557">
     <span class='ocr_line' id='line_1_1' title="bbox 268 480 828 557; baseline -0.005 0"><span class='ocrx_word' id='word_1_1' title='bbox 268 489 320 557; x_wconf 88' lang='lat'>40</span> <span class='ocrx_word' id='word_1_2' title='bbox 431 480 828 554; x_wconf 75' lang='lat' dir='ltr'>CAnnrrrrunr</span> 
     </span>
    </p>
   </div>
   <div class='ocr_carea' id='block_1_2' title="bbox 222 590 816 828">
    <p class='ocr_par' dir='ltr' id='par_1_2' title="bbox 222 590 816 828">
     <span class='ocr_line' id='line_1_2' title="bbox 267 590 816 675; baseline 0.036 -30"><span class='ocrx_word' id='word_1_3' title='bbox 267 592 349 663; x_wconf 80' lang='lat' dir='ltr'>Atqui</span> <span class='ocrx_word' id='word_1_4' title='bbox 367 613 423 653; x_wconf 90' lang='lat' dir='ltr'>non</span> <span class='ocrx_word' id='word_1_5' title='bbox 441 619 492 673; x_wconf 82' lang='lat' dir='ltr'>ego</span> <span class='ocrx_word' id='word_1_6' title='bbox 510 617 555 669; x_wconf 89' lang='lat' dir='ltr'>te,</span> <span class='ocrx_word' id='word_1_7' title='bbox 569 590 646 675; x_wconf 77' lang='lat' dir='ltr'><strong>tigris</strong></span> <span class='ocrx_word' id='word_1_8' title='bbox 660 619 692 659; x_wconf 90' lang='lat' dir='ltr'>ut</span> <span class='ocrx_word' id='word_1_9' title='bbox 708 607 816 675; x_wconf 69' lang='lat' dir='ltr'>aspera,</span> 
     </span>
     <span class='ocr_line' id='line_1_3' title="bbox 222 678 799 760; baseline 0.026 -32"><span class='ocrx_word' id='word_1_10' title='bbox 222 687 256 727; x_wconf 82' lang='grc' dir='ltr'>ιο</span> <span class='ocrx_word' id='word_1_11' title='bbox 269 678 416 737; x_wconf 86' lang='lat' dir='ltr'>Getulusve</span> <span class='ocrx_word' id='word_1_12' title='bbox 433 688 493 751; x_wconf 89' lang='lat' dir='ltr'>leo,</span> <span class='ocrx_word' id='word_1_13' title='bbox 508 690 627 759; x_wconf 79' lang='lat' dir='ltr'>frangere</span> <span class='ocrx_word' id='word_1_14' title='bbox 645 691 799 760; x_wconf 85' lang='lat' dir='ltr'>persequor.</span> 
     </span>
     <span class='ocr_line' id='line_1_4' title="bbox 304 766 658 828; baseline 0.031 -11"><span class='ocrx_word' id='word_1_15' title='bbox 304 766 421 823; x_wconf 85' lang='lat' dir='ltr'>Tandem</span> <span class='ocrx_word' id='word_1_16' title='bbox 438 774 528 827; x_wconf 86' lang='lat' dir='ltr'>desine</span> <span class='ocrx_word' id='word_1_17' title='bbox 546 790 658 828; x_wconf 81' lang='lat' dir='ltr'>matrem</span> 
     </span>
    </p>
   </div>
   <div class='ocr_carea' id='block_1_3' title="bbox 968 604 1020 639">
    <p class='ocr_par' dir='ltr' id='par_1_3' title="bbox 968 604 1020 639">
     <span class='ocr_line' id='line_1_5' title="bbox 968 604 1020 639; baseline 0.038 -2"><span class='ocrx_word' id='word_1_18' title='bbox 968 604 1020 639; x_wconf 50' lang='lat' dir='ltr'>oq..</span> 
     </span>
    </p>
   </div>
   <div class='ocr_carea' id='block_1_4' title="bbox 256 854 923 1184">
    <p class='ocr_par' dir='ltr' id='par_1_4' title="bbox 256 854 923 1184">
     <span class='ocr_line' id='line_1_6' title="bbox 256 854 688 959; baseline 0.028 -56"><span class='ocrx_word' id='word_1_19' title='bbox 256 950 260 959; x_wconf 95' lang='lat'>.</span> <span class='ocrx_word' id='word_1_20' title='bbox 339 854 506 925; x_wconf 86' lang='lat' dir='ltr'>Tempestiva</span> <span class='ocrx_word' id='word_1_21' title='bbox 524 859 599 929; x_wconf 86' lang='lat' dir='ltr'><strong>sequi</strong></span> <span class='ocrx_word' id='word_1_22' title='bbox 615 860 688 915; x_wconf 84' lang='lat' dir='ltr'>viro.</span> 
     </span>
     <span class='ocr_line' id='line_1_7' title="bbox 326 1096 923 1184; baseline 0.003 -3"><span class='ocrx_word' id='word_1_23' title='bbox 326 1096 362 1181; x_wconf 93' lang='lat' dir='ltr'>C</span> <span class='ocrx_word' id='word_1_24' title='bbox 382 1100 416 1181; x_wconf 89' lang='grc' dir='ltr'>Α</span> <span class='ocrx_word' id='word_1_25' title='bbox 434 1098 473 1184; x_wconf 88' lang='lat' dir='ltr'>R</span> <span class='ocrx_word' id='word_1_26' title='bbox 494 1100 542 1183; x_wconf 94' lang='lat' dir='ltr'>M</span> <span class='ocrx_word' id='word_1_27' title='bbox 565 1100 598 1183; x_wconf 93' lang='lat' dir='ltr'>E</span> <span class='ocrx_word' id='word_1_28' title='bbox 618 1099 659 1183; x_wconf 96' lang='lat' dir='ltr'>N</span> <span class='ocrx_word' id='word_1_29' title='bbox 718 1098 761 1183; x_wconf 91' lang='lat' dir='ltr'><strong>X</strong></span> <span class='ocrx_word' id='word_1_30' title='bbox 776 1098 818 1182; x_wconf 95' lang='lat' dir='ltr'>X</span> <span class='ocrx_word' id='word_1_31' title='bbox 835 1099 923 1183; x_wconf 87' lang='lat' dir='ltr'>IV.</span> 
     </span>
    </p>
   </div>
   <div class='ocr_carea' id='block_1_5' title="bbox 366 1258 879 1321">
    <p class='ocr_par' dir='ltr' id='par_1_5' title="bbox 366 1258 879 1321">
     <span class='ocr_line' id='line_1_8' title="bbox 366 1258 879 1321; baseline -0.004 -3"><span class='ocrx_word' id='word_1_32' title='bbox 366 1262 449 1319; x_wconf 90' lang='lat' dir='ltr'>AD</span> <span class='ocrx_word' id='word_1_33' title='bbox 496 1258 879 1321; x_wconf 84' lang='lat' dir='ltr'><em>VIRGILIUM.</em></span> 
     </span>
    </p>
   </div>
   <div class='ocr_carea' id='block_1_6' title="bbox 263 1382 985 1467">
    <p class='ocr_par' dir='ltr' id='par_1_6' title="bbox 263 1382 985 1467">
     <span class='ocr_line' id='line_1_9' title="bbox 263 1382 985 1467; baseline 0 -22"><span class='ocrx_word' id='word_1_34' title='bbox 263 1388 362 1446; x_wconf 84' lang='lat' dir='ltr'>Monet</span> <span class='ocrx_word' id='word_1_35' title='bbox 378 1404 409 1445; x_wconf 85' lang='lat' dir='ltr'>ut</span> <span class='ocrx_word' id='word_1_36' title='bbox 427 1388 558 1467; x_wconf 84' lang='lat' dir='ltr'><strong>Quintilii</strong></span> <span class='ocrx_word' id='word_1_37' title='bbox 577 1404 683 1448; x_wconf 78' lang='lat' dir='ltr'>mortem</span> <span class='ocrx_word' id='word_1_38' title='bbox 701 1408 775 1467; x_wconf 66' lang='lat' dir='ltr'>equo</span> <span class='ocrx_word' id='word_1_39' title='bbox 792 1388 884 1445; x_wconf 81' lang='lat' dir='ltr'>animo</span> <span class='ocrx_word' id='word_1_40' title='bbox 895 1382 985 1465; x_wconf 80' lang='lat' dir='ltr'>ferat.</span> 
     </span>
    </p>
   </div>
   <div class='ocr_carea' id='block_1_7' title="bbox 136 1560 995 3250">
    <p class='ocr_par' dir='ltr' id='par_1_7' title="bbox 136 1560 995 3250">
     <span class='ocr_line' id='line_1_10' title="bbox 342 1560 890 1631; baseline -0.005 -17"><span class='ocrx_word' id='word_1_41' title='bbox 342 1575 363 1615; x_wconf 85' lang='lat' dir='ltr'><strong>u</strong></span> <span class='ocrx_word' id='word_1_42' title='bbox 373 1576 408 1615; x_wconf 79' lang='lat' dir='ltr'>ts</span> <span class='ocrx_word' id='word_1_43' title='bbox 428 1563 559 1617; x_wconf 87' lang='lat' dir='ltr'>desiderio</span> <span class='ocrx_word' id='word_1_44' title='bbox 576 1562 613 1617; x_wconf 86' lang='lat' dir='ltr'><strong>sit</strong></span> <span class='ocrx_word' id='word_1_45' title='bbox 630 1564 716 1631; x_wconf 87' lang='lat' dir='ltr'>pudor</span> <span class='ocrx_word' id='word_1_46' title='bbox 733 1575 778 1615; x_wconf 84' lang='lat' dir='ltr'>aut</span> <span class='ocrx_word' id='word_1_47' title='bbox 794 1560 890 1612; x_wconf 75' lang='lat' dir='ltr'>modus</span> 
     </span>
     <span class='ocr_line' id='line_1_11' title="bbox 263 1644 813 1719; baseline 0.005 -24"><span class='ocrx_word' id='word_1_48' title='bbox 263 1644 330 1698; x_wconf 83' lang='lat' dir='ltr'>Tam</span> <span class='ocrx_word' id='word_1_49' title='bbox 348 1649 401 1701; x_wconf 85' lang='lat' dir='ltr'>cari</span> <span class='ocrx_word' id='word_1_50' title='bbox 419 1650 512 1717; x_wconf 86' lang='lat' dir='ltr'><strong>capitis</strong></span> <span class='ocrx_word' id='word_1_51' title='bbox 529 1652 540 1703; x_wconf 74' lang='grc' dir='ltr'><strong><em>ἓ</em></strong></span> <span class='ocrx_word' id='word_1_52' title='bbox 559 1648 675 1717; x_wconf 68' lang='lat' dir='ltr'>Precipe</span> <span class='ocrx_word' id='word_1_53' title='bbox 692 1649 813 1719; x_wconf 80' lang='lat' dir='ltr'>lugubres</span> 
     </span>
     <span class='ocr_line' id='line_1_12' title="bbox 141 1728 880 1804; baseline 0 -24"><span class='ocrx_word' id='word_1_54' title='bbox 141 1744 143 1748; x_wconf 90' lang='lat'>·</span> <span class='ocrx_word' id='word_1_55' title='bbox 245 1728 381 1796; x_wconf 66' lang='lat' dir='ltr'>¹Cantus,</span> <span class='ocrx_word' id='word_1_56' title='bbox 396 1734 584 1802; x_wconf 84' lang='lat' dir='ltr'>Melpomene,</span> <span class='ocrx_word' id='word_1_57' title='bbox 598 1733 642 1785; x_wconf 89' lang='lat' dir='ltr'><strong>cui</strong></span> <span class='ocrx_word' id='word_1_58' title='bbox 658 1732 786 1804; x_wconf 79' lang='lat' dir='ltr'><strong>liquidam</strong></span> <span class='ocrx_word' id='word_1_59' title='bbox 801 1730 880 1783; x_wconf 81' lang='lat' dir='ltr'>Pater</span> 
     </span>
     <span class='ocr_line' id='line_1_13' title="bbox 371 1817 771 1871; baseline 0.003 -4"><span class='ocrx_word' id='word_1_60' title='bbox 371 1818 476 1869; x_wconf 87' lang='lat' dir='ltr'>Vocem</span> <span class='ocrx_word' id='word_1_61' title='bbox 497 1834 557 1871; x_wconf 88' lang='lat' dir='ltr'>cum</span> <span class='ocrx_word' id='word_1_62' title='bbox 575 1817 674 1871; x_wconf 83' lang='lat' dir='ltr'><strong>cithara</strong></span> <span class='ocrx_word' id='word_1_63' title='bbox 684 1817 771 1869; x_wconf 90' lang='lat' dir='ltr'><strong>dedit.</strong></span> 
     </span>
     <span class='ocr_line' id='line_1_14' title="bbox 236 1899 773 1971; baseline -0.004 -16"><span class='ocrx_word' id='word_1_64' title='bbox 236 1903 248 1955; x_wconf 85' lang='lat'>5</span> <span class='ocrx_word' id='word_1_65' title='bbox 262 1899 331 1969; x_wconf 83' lang='lat' dir='ltr'>Ergo</span> <span class='ocrx_word' id='word_1_66' title='bbox 349 1900 512 1966; x_wconf 82' lang='lat' dir='ltr'><strong>Quintilium</strong></span> <span class='ocrx_word' id='word_1_67' title='bbox 529 1917 672 1971; x_wconf 86' lang='lat' dir='ltr'>perpetuus</span> <span class='ocrx_word' id='word_1_68' title='bbox 689 1902 773 1970; x_wconf 84' lang='lat' dir='ltr'>sopor</span> 
     </span>
     <span class='ocr_line' id='line_1_15' title="bbox 262 1985 930 2053; baseline 0.001 -18"><span class='ocrx_word' id='word_1_69' title='bbox 262 1985 346 2053; x_wconf 85' lang='lat' dir='ltr'>Urget</span> <span class='ocrx_word' id='word_1_70' title='bbox 365 1990 371 2038; x_wconf 91' lang='lat'>!</span> <span class='ocrx_word' id='word_1_71' title='bbox 392 1986 435 2039; x_wconf 86' lang='lat' dir='ltr'><strong>cui</strong></span> <span class='ocrx_word' id='word_1_72' title='bbox 452 1986 555 2051; x_wconf 86' lang='lat' dir='ltr'>Pudor,</span> <span class='ocrx_word' id='word_1_73' title='bbox 573 1990 599 2040; x_wconf 79' lang='grc' dir='ltr'>δι</span> <span class='ocrx_word' id='word_1_74' title='bbox 613 1985 721 2040; x_wconf 80' lang='lat' dir='ltr'><strong>Iustitiae</strong></span> <span class='ocrx_word' id='word_1_75' title='bbox 739 1986 818 2038; x_wconf 82' lang='lat' dir='ltr'>soror·</span> <span class='ocrx_word' id='word_1_76' title='bbox 924 2006 930 2015; x_wconf 87' lang='grc'><em>·</em></span> 
     </span>
     <span class='ocr_line' id='line_1_16' title="bbox 261 2070 801 2141; baseline 0.002 -20"><span class='ocrx_word' id='word_1_77' title='bbox 261 2070 417 2139; x_wconf 84' lang='lat' dir='ltr'>incorrupta</span> <span class='ocrx_word' id='word_1_78' title='bbox 434 2072 526 2135; x_wconf 82' lang='lat' dir='ltr'>Fides,</span> <span class='ocrx_word' id='word_1_79' title='bbox 542 2075 662 2141; x_wconf 76' lang='lat' dir='ltr'><strong>nudaque</strong></span> <span class='ocrx_word' id='word_1_80' title='bbox 676 2071 801 2135; x_wconf 82' lang='lat' dir='ltr'>Veritas,</span> 
     </span>
     <span class='ocr_line' id='line_1_17' title="bbox 370 2156 876 2225; baseline -0.004 -14"><span class='ocrx_word' id='word_1_81' title='bbox 370 2156 484 2224; x_wconf 77' lang='lat' dir='ltr'><strong>Quando</strong></span> <span class='ocrx_word' id='word_1_82' title='bbox 502 2160 586 2211; x_wconf 90' lang='lat' dir='ltr'><strong>ullum</strong></span> <span class='ocrx_word' id='word_1_83' title='bbox 604 2156 743 2211; x_wconf 86' lang='lat' dir='ltr'><strong>invenient</strong></span> <span class='ocrx_word' id='word_1_84' title='bbox 758 2156 876 2225; x_wconf 71' lang='lat' dir='ltr'>parem?</span> 
     </span>
     <span class='ocr_line' id='line_1_18' title="bbox 261 2241 762 2306; baseline 0.002 -12"><span class='ocrx_word' id='word_1_85' title='bbox 261 2241 356 2295; x_wconf 88' lang='lat' dir='ltr'><strong>Multis</strong></span> <span class='ocrx_word' id='word_1_86' title='bbox 374 2243 420 2297; x_wconf 90' lang='lat' dir='ltr'><strong>ille</strong></span> <span class='ocrx_word' id='word_1_87' title='bbox 438 2242 515 2297; x_wconf 83' lang='lat' dir='ltr'><strong>bonis</strong></span> <span class='ocrx_word' id='word_1_88' title='bbox 533 2241 631 2296; x_wconf 78' lang='lat' dir='ltr'><strong>flebitis</strong></span> <span class='ocrx_word' id='word_1_89' title='bbox 648 2242 762 2306; x_wconf 86' lang='lat' dir='ltr'><strong>occidit,</strong></span> 
     </span>
     <span class='ocr_line' id='line_1_19' title="bbox 216 2326 769 2397; baseline 0.016 -24"><span class='ocrx_word' id='word_1_90' title='bbox 216 2333 250 2373; x_wconf 74' lang='grc' dir='ltr'>ιο</span> <span class='ocrx_word' id='word_1_91' title='bbox 260 2328 333 2379; x_wconf 89' lang='lat' dir='ltr'>Nulli</span> <span class='ocrx_word' id='word_1_92' title='bbox 350 2327 464 2381; x_wconf 90' lang='lat' dir='ltr'>flebilior</span> <span class='ocrx_word' id='word_1_93' title='bbox 481 2326 560 2396; x_wconf 68' lang='lat' dir='ltr'><strong>quint</strong></span> <span class='ocrx_word' id='word_1_94' title='bbox 579 2328 628 2381; x_wconf 85' lang='lat' dir='ltr'><strong>tibi</strong></span> <span class='ocrx_word' id='word_1_95' title='bbox 638 2366 647 2391; x_wconf 93' lang='lat'>,</span> <span class='ocrx_word' id='word_1_96' title='bbox 657 2327 769 2397; x_wconf 82' lang='lat' dir='ltr'><strong>Virgili.</strong></span> 
     </span>
     <span class='ocr_line' id='line_1_20' title="bbox 260 2411 995 2479; baseline 0.003 -16"><span class='ocrx_word' id='word_1_97' title='bbox 260 2412 302 2463; x_wconf 88' lang='lat' dir='ltr'>Tu</span> <span class='ocrx_word' id='word_1_98' title='bbox 319 2411 408 2464; x_wconf 80' lang='lat' dir='ltr'>frustra</span> <span class='ocrx_word' id='word_1_99' title='bbox 426 2412 485 2479; x_wconf 82' lang='lat' dir='ltr'><strong>pius</strong></span> <span class='ocrx_word' id='word_1_100' title='bbox 497 2450 505 2475; x_wconf 92' lang='lat'>,</span> <span class='ocrx_word' id='word_1_101' title='bbox 517 2412 570 2465; x_wconf 85' lang='lat' dir='ltr'>heu</span> <span class='ocrx_word' id='word_1_102' title='bbox 585 2416 591 2465; x_wconf 89' lang='lat'><strong>!</strong></span> <span class='ocrx_word' id='word_1_103' title='bbox 610 2428 666 2464; x_wconf 86' lang='lat' dir='ltr'>non</span> <span class='ocrx_word' id='word_1_104' title='bbox 683 2412 720 2463; x_wconf 86' lang='lat' dir='ltr'><strong>ita</strong></span> <span class='ocrx_word' id='word_1_105' title='bbox 736 2411 867 2465; x_wconf 87' lang='lat' dir='ltr'>creditum</span> <span class='ocrx_word' id='word_1_106' title='bbox 930 2432 933 2439; x_wconf 95' lang='lat'>·</span> <span class='ocrx_word' id='word_1_107' title='bbox 989 2432 995 2441; x_wconf 91' lang='grc'>·</span> 
     </span>
     <span class='ocr_line' id='line_1_21' title="bbox 368 2494 739 2563; baseline 0 -14"><span class='ocrx_word' id='word_1_108' title='bbox 368 2497 456 2550; x_wconf 87' lang='lat' dir='ltr'><strong>Poscis</strong></span> <span class='ocrx_word' id='word_1_109' title='bbox 474 2494 636 2563; x_wconf 83' lang='lat' dir='ltr'><strong>Quintilium</strong></span> <span class='ocrx_word' id='word_1_110' title='bbox 653 2498 739 2549; x_wconf 76' lang='lat' dir='ltr'>Deos.</span> 
     </span>
     <span class='ocr_line' id='line_1_22' title="bbox 136 2580 794 2651; baseline 0.003 -20"><span class='ocrx_word' id='word_1_111' title='bbox 136 2625 146 2631; x_wconf 81' lang='grc'>.</span> <span class='ocrx_word' id='word_1_112' title='bbox 259 2580 340 2651; x_wconf 81' lang='lat' dir='ltr'><strong>Qudd</strong></span> <span class='ocrx_word' id='word_1_113' title='bbox 360 2582 384 2635; x_wconf 84' lang='lat' dir='ltr'><strong>si</strong></span> <span class='ocrx_word' id='word_1_114' title='bbox 399 2581 524 2637; x_wconf 86' lang='lat' dir='ltr'>Threicio</span> <span class='ocrx_word' id='word_1_115' title='bbox 543 2582 662 2635; x_wconf 77' lang='lat' dir='ltr'><strong>blanditis</strong></span> <span class='ocrx_word' id='word_1_116' title='bbox 680 2580 794 2650; x_wconf 83' lang='lat' dir='ltr'>Orpheo</span> 
     </span>
     <span class='ocr_line' id='line_1_23' title="bbox 259 2664 807 2731; baseline -0.002 -12"><span class='ocrx_word' id='word_1_117' title='bbox 259 2668 383 2721; x_wconf 76' lang='lat' dir='ltr'><strong>Auditum</strong></span> <span class='ocrx_word' id='word_1_118' title='bbox 401 2670 537 2721; x_wconf 86' lang='lat' dir='ltr'>moderere</span> <span class='ocrx_word' id='word_1_119' title='bbox 555 2667 692 2720; x_wconf 72' lang='lat' dir='ltr'>arboribus</span> <span class='ocrx_word' id='word_1_120' title='bbox 707 2664 807 2731; x_wconf 84' lang='lat' dir='ltr'>fidem,</span> 
     </span>
     <span class='ocr_line' id='line_1_24' title="bbox 215 2750 793 2821; baseline -0.005 -15"><span class='ocrx_word' id='word_1_121' title='bbox 215 2766 244 2821; x_wconf 73' lang='grc' dir='ltr'>ις</span> <span class='ocrx_word' id='word_1_122' title='bbox 260 2754 323 2806; x_wconf 86' lang='lat' dir='ltr'>Non</span> <span class='ocrx_word' id='word_1_123' title='bbox 342 2770 416 2806; x_wconf 81' lang='lat' dir='ltr'><strong>vanae</strong></span> <span class='ocrx_word' id='word_1_124' title='bbox 434 2755 521 2805; x_wconf 85' lang='lat' dir='ltr'>redeat</span> <span class='ocrx_word' id='word_1_125' title='bbox 538 2751 644 2820; x_wconf 75' lang='lat' dir='ltr'><strong>sanguis</strong></span> <span class='ocrx_word' id='word_1_126' title='bbox 663 2750 793 2819; x_wconf 79' lang='lat' dir='ltr'>imagini,</span> 
     </span>
     <span class='ocr_line' id='line_1_25' title="bbox 366 2834 790 2905; baseline -0.009 -13"><span class='ocrx_word' id='word_1_127' title='bbox 366 2839 455 2905; x_wconf 86' lang='lat' dir='ltr'>Quam</span> <span class='ocrx_word' id='word_1_128' title='bbox 472 2834 549 2905; x_wconf 67' lang='lat' dir='ltr'><strong>virgi</strong></span> <span class='ocrx_word' id='word_1_129' title='bbox 566 2836 647 2888; x_wconf 85' lang='lat' dir='ltr'>semel</span> <span class='ocrx_word' id='word_1_130' title='bbox 664 2835 790 2901; x_wconf 64' lang='lat' dir='ltr'>horridi,</span> 
     </span>
     <span class='ocr_line' id='line_1_26' title="bbox 258 2920 781 2991; baseline -0.01 -14"><span class='ocrx_word' id='word_1_131' title='bbox 258 2925 321 2977; x_wconf 84' lang='lat' dir='ltr'>Non</span> <span class='ocrx_word' id='word_1_132' title='bbox 338 2924 406 2977; x_wconf 87' lang='lat' dir='ltr'><strong>lenis</strong></span> <span class='ocrx_word' id='word_1_133' title='bbox 424 2921 544 2991; x_wconf 84' lang='lat' dir='ltr'>precibus</span> <span class='ocrx_word' id='word_1_134' title='bbox 562 2921 614 2973; x_wconf 81' lang='lat' dir='ltr'><strong>fata</strong></span> <span class='ocrx_word' id='word_1_135' title='bbox 631 2920 781 2985; x_wconf 82' lang='lat' dir='ltr'>recludere,</span> 
     </span>
     <span class='ocr_line' id='line_1_27' title="bbox 257 3004 789 3082; baseline -0.013 -18"><span class='ocrx_word' id='word_1_136' title='bbox 257 3012 343 3082; x_wconf 86' lang='lat' dir='ltr'>Nigro</span> <span class='ocrx_word' id='word_1_137' title='bbox 363 3006 521 3077; x_wconf 85' lang='lat' dir='ltr'>compulerit</span> <span class='ocrx_word' id='word_1_138' title='bbox 538 3004 686 3058; x_wconf 87' lang='lat' dir='ltr'>Mercurius</span> <span class='ocrx_word' id='word_1_139' title='bbox 704 3004 789 3074; x_wconf 75' lang='lat' dir='ltr'>gregi.</span> 
     </span>
     <span class='ocr_line' id='line_1_28' title="bbox 258 3088 761 3157; baseline -0.016 -8"><span class='ocrx_word' id='word_1_140' title='bbox 258 3097 384 3149; x_wconf 87' lang='lat' dir='ltr'>Durum:</span> <span class='ocrx_word' id='word_1_141' title='bbox 401 3093 446 3146; x_wconf 87' lang='lat' dir='ltr'>sed</span> <span class='ocrx_word' id='word_1_142' title='bbox 463 3089 549 3144; x_wconf 79' lang='lat' dir='ltr'><strong>leuius</strong></span> <span class='ocrx_word' id='word_1_143' title='bbox 567 3088 599 3141; x_wconf 88' lang='lat' dir='ltr'>fir</span> <span class='ocrx_word' id='word_1_144' title='bbox 616 3089 761 3157; x_wconf 77' lang='lat' dir='ltr'><strong>patientid,</strong></span> 
     </span>
     <span class='ocr_line' id='line_1_29' title="bbox 211 3174 803 3250; baseline -0.007 -13"><span class='ocrx_word' id='word_1_145' title='bbox 211 3194 247 3237; x_wconf 84' lang='lat'>20</span> <span class='ocrx_word' id='word_1_146' title='bbox 366 3176 502 3250; x_wconf 83' lang='lat' dir='ltr'>Quidquid</span> <span class='ocrx_word' id='word_1_147' title='bbox 519 3175 651 3250; x_wconf 81' lang='lat' dir='ltr'>corrigere</span> <span class='ocrx_word' id='word_1_148' title='bbox 667 3174 704 3231; x_wconf 83' lang='lat' dir='ltr'>est</span> <span class='ocrx_word' id='word_1_149' title='bbox 721 3174 803 3233; x_wconf 72' lang='lat' dir='ltr'>nefas.</span> 
     </span>
    </p>
   </div>
   <div class='ocr_carea' id='block_1_8' title="bbox 0 0 1172 4067">
    <p class='ocr_par' dir='ltr' id='par_1_8' title="bbox 0 0 1172 4067">
     <span class='ocr_line' id='line_1_30' title="bbox 0 0 1172 4067; baseline 0 0"><span class='ocrx_word' id='word_1_150' title='bbox 0 0 1172 4067; x_wconf 95' lang='lat' dir='ltr'> </span> 
     </span>
    </p>
   </div>
  </div>
 </body>
</html>
