2334 4067
328 505 619 576 ‘Brenn
678 500 708 571 Ι.
848 515 918 590 299

194 623 274 679 Dum
288 627 348 680 vult
362 627 470 682 libertas
485 645 558 682 mera
573 627 642 691 dici,
654 641 770 694 veraque
786 621 882 676 virtus.

196 711 296 764 Virtus
306 711 343 764 est
354 715 472 766 medium
480 714 627 778 vitiorum,
636 710 803 779 &utrimque
812 705 957 762 reductum.

198 797 277 848 Alter
287 796 316 849 in
326 799 482 868 obsequium
492 803 553 868 plus
563 815 642 869 equo
654 813 772 867 pronus,
783 797 810 848 δι
820 794 869 847 imi
935 796 968 835 ¹0

200 883 315 935 Derisor
328 884 407 948 lculi,
421 886 460 938 sic
472 901 566 937 nutum
580 885 674 938 divitis
686 886 792 944 horret,

199 968 247 1019 Sic
263 967 339 1022 iterat
353 986 453 1034 vocet,
466 971 493 1022 ἃ
503 973 587 1024 verba
602 969 720 1023 cadentia
734 966 822 1031 tollit,

200 1054 243 1107 Ut
255 1071 366 1122 puerum
380 1057 453 1110 savo
468 1060 558 1110 eredas
571 1057 666 1111 distata
683 1055 806 1125 magistro

201 1140 337 1205 Reddere,
348 1144 393 1194 vel
409 1157 496 1210 partes
511 1143 624 1194 mimum
639 1141 749 1194 trallare
763 1137 897 1191 secundas.

201 1227 279 1278 Alter
291 1227 394 1280 rixatur
407 1230 440 1280 de
454 1231 514 1280 lana
527 1229 596 1297 saepe
611 1227 736 1296 caprina:
938 1225 968 1278 ¹5

201 1311 358 1381 Propugnat
371 1313 449 1382 nugis
464 1327 580 1365 armatus
593 1329 599 1362 :
612 1311 734 1374 Scilicet,
745 1323 776 1362 ut
790 1325 847 1362 non

202 1395 247 1448 Sit
256 1396 323 1448 mibi
334 1396 420 1464 prima
430 1396 512 1460 fides,
524 1399 550 1449 δι
559 1397 624 1450 verb
636 1398 708 1465 quod
718 1398 819 1463 piacet,
830 1407 859 1446 ut
870 1409 926 1444 non

202 1483 310 1534 Acriter
322 1485 447 1546 clamem,
459 1483 575 1550 pretium
591 1497 653 1536 retas
670 1484 751 1533 altera
765 1481 862 1532 sordet.

203 1568 621 1638 Ambigiturquidenimlcastor
627 1567 735 1629 sciat‚an
741 1565 848 1618 Docilis
856 1565 927 1633 plus:

203 1653 376 1705 Brundisium
386 1653 490 1704 Minuci
504 1653 599 1706 melius
610 1652 655 1705 via
668 1655 759 1714 ducat,
770 1667 803 1702 an
814 1651 894 1719 Appi.
939 1658 974 1696 20

205 1739 296 1805 Quem
307 1737 629 1807 damnosaVenus‚quem
640 1753 758 1808 preceps
770 1739 828 1790 alea
838 1739 929 1799 nudat,

207 1825 306 1879 Gloria
321 1839 402 1893 quem
415 1823 493 1891 supra
506 1823 579 1875 vires
596 1824 622 1875 &
634 1821 727 1887 veslit,
740 1823 767 1874 δι
778 1823 854 1892 ungit
866 1841 874 1882 3

207 1912 298 1976 Quem
313 1924 388 1962 tenet
401 1910 504 1978 argenti
520 1906 578 1959 sitis
595 1905 749 1975 importuna
762 1908 911 1976 famesque,

208 2000 299 2063 Quem
313 1996 476 2065 paupertatis
492 1996 577 2062 pudor
592 1994 619 2046 δι
631 1993 691 2063 fuga
702 2011 710 2054 ς
723 1993 798 2046 dives
814 1993 930 2054 amicus,

209 2085 287 2151 Saepe
301 2083 392 2135 decem
405 2079 484 2133 vitiis
499 2078 665 2142 infirmior,
678 2080 751 2143 odit,
765 2080 790 2131 δι
802 2080 912 2130 horret:
945 2089 976 2140 25

209 2170 279 2232 Aut,
290 2167 315 2220 ri
328 2183 385 2219 non
399 2165 471 2227 otlit,
482 2164 569 2234 regin
581 2179 626 2226 ac,
639 2163 724 2215 veluti
739 2162 783 2229 pia
794 2175 896 2222 mater,

210 2255 275 2307 Plus
288 2250 369 2321 quim
381 2250 409 2302 se
422 2251 527 2317 sapere,
538 2249 566 2300 lt
575 2247 720 2309 vir-ruribus
733 2245 785 2300 effe
793 2247 916 2316 priorem

210 2337 301 2396 vute,
312 2339 338 2389 br
348 2336 386 2388 ait
395 2333 483 2403 prope
492 2349 557 2386 vera
568 2353 575 2387 ε
588 2333 674 2398 Meae,
686 2335 847 2386 contendere
860 2331 935 2397 noli,

211 2422 357 2477 stultitiam
372 2419 510 2489 pariuntur
523 2437 604 2488 opes,
617 2418 666 2471 ribi
682 2422 792 2488 parvula
806 2435 847 2471 res
863 2418 908 2470 est.

211 2507 291 2562 Area
303 2509 379 2560 decet·
389 2507 482 2558 sanum
494 2504 623 2557 comitem
634 2519 713 2573 toga:
726 2503 815 2556 desine
828 2519 933 2557 mecum
949 2517 982 2573 30

214 2597 332 2648 certare.
344 2593 517 2660 Eutrapelus,
527 2589 686 2657 cuicumque
700 2603 798 2640 nocere
813 2591 935 2656 volebat,

214 2678 381 2733 Vestimenta
394 2679 470 2729 dabat
485 2674 611 2742 pretiosa.
624 2673 718 2726 Beatus
734 2673 806 2726 enim
821 2672 873 2738 jam

218 2769 288 2819 Cum
296 2762 415 2833 pulchris
424 2760 523 2814 tunicis
532 2759 618 2811 sumet
628 2773 700 2811 nova
708 2758 822 2811 consilia
834 2760 859 2812 δι
867 2760 942 2828 spes·,

218 2849 346 2902 Dormiet
359 2848 388 2900 in
402 2850 509 2904 lucem3
523 2845 613 2897 scorto
625 2843 767 2913 postponet
781 2843 919 2898 honestum

222 2934 349 2989 Officium
360 2949 370 2994 3
382 2947 506 2984 nummos
519 2929 623 2982 alienos
637 2929 746 2997 pascett
760 2931 791 2981 ad
807 2929 890 2982 imum
951 2951 982 3007 35

163 3033 167 3039 ·
221 3021 313 3072 Thrax
328 3017 396 3081 erit,
408 3029 454 3068 aut
468 3013 575 3066 olitoris
593 3029 652 3083 aget
668 3015 787 3066 mercede
803 3017 939 3070 caballum.

226 3106 360 3157 Arcanum
373 3117 460 3172 neque
474 3115 503 3153 tu
517 3099 671 3154 scrutaberis
687 3098 758 3152 illius
773 3115 915 3170 umquam,

731 3192 801 3262 ij
867 3219 872 3227 ·
