2334 4067
349 484 572 559 'LIBER
631 489 710 557 IV.
826 506 893 576 149

167 603 239 672 Qud
257 606 325 678 fugit
338 610 433 665 Venus
447 616 457 667 ?
471 613 524 665 heu
538 616 545 666 !
559 608 650 679 quive
665 611 742 663 color
754 609 875 663 {decens

167 692 237 758 Qud
256 709 346 749 motus
364 700 374 751 ἔ
392 696 456 765 quid
473 698 550 749 habes
568 696 661 759 illius,
677 693 767 759 illius,

206 779 276 843 Quae
296 780 409 848 spirabat
427 798 550 846 amores,

245 866 313 931 Quae
333 883 376 919 me
394 867 530 935 surpuerat
548 866 634 931 mihi,
905 873 940 911 20

165 947 248 1001 Felix
266 951 325 1019 post
345 954 493 1022 Cynaram,
508 968 625 1021 notaque
644 952 671 1003 δι
686 950 783 1004 artium

169 1032 317 1087 Gratamm
335 1036 414 1091 facies
430 1040 440 1091 i
457 1037 502 1089 sed
521 1040 634 1107 Cynarae
652 1037 747 1089 breves

207 1122 304 1173 Annos
323 1122 375 1174 sata
394 1123 537 1184 dederunt,

246 1208 387 1259 Servatum
406 1207 450 1259 diu
468 1222 559 1274 parem

170 1291 298 1345 Cornicis
316 1295 413 1347 vetulae
431 1291 598 1361 temporibus
616 1292 730 1359 Lycen3
906 1299 937 1350 25

75 1424 77 1443 ,
167 1377 279 1431 Poffent
297 1392 327 1431 ut
344 1378 456 1446 juvenes
475 1377 562 1429 visere
580 1375 699 1440 fervidi,

176 2439 248 2596 Q

206 1464 300 1515 Multo
319 1480 375 1516 non
393 1463 451 1515 sine
470 1460 543 1521 risu,

246 1549 384 1617 Dilapsam
402 1547 432 1602 in
449 1545 551 1599 cineres
569 1545 664 1598 facem.

182 1690 892 1749 mamete-za*

219 1828 606 1913 CARMEN
678 1820 852 1909 XIV.

276 2009 361 2068 AD
410 2002 792 2066 AUGUSTUM.

195 2153 286 2215 Drusi
310 2155 342 2211 de
365 2152 538 2221 Vindelicis,
559 2172 594 2208 ac
613 2130 752 2229 presertim
775 2142 877 2201 Tiberii

238 2256 270 2311 de
285 2251 389 2310 Rhctis
409 2252 554 2317 viderier,
571 2246 687 2325 Augusti
702 2240 834 2321 auspiciis

363 2372 396 2409 ac
413 2346 547 2428 felicitati
569 2341 705 2423 adscribit.

258 2520 312 2559 um
331 2522 391 2558 cura
410 2505 537 2567 Parrum,
557 2516 652 2571 quaeve
671 2495 821 2564 Quiritium

174 2594 266 2648 Plenis
284 2593 418 2645 honorum
437 2586 592 2641 muneribus
611 2598 689 2646 tuas,

212 2678 345 2748 Auguste,
362 2674 477 2727 virtutes
496 2672 524 2723 in
543 2685 632 2723 evum

249 2764 299 2816 Per
317 2760 430 2823 titulos,
445 2756 629 2822 memoresque
647 2752 724 2805 fastos

174 2852 295 2906 AEtemet
311 2851 321 2902 i
340 2846 367 2898 0
387 2849 392 2899 !
413 2842 464 2912 qud
483 2842 523 2895 sol
541 2838 695 2893 habitabiles

174 2934 289 2991 Illustrat
308 2948 388 2992 ores,
406 2926 523 2979 maxime
541 2924 716 2992 Principum,

213 3023 303 3089 Quem
322 3014 389 3085 legis
410 3024 531 3081 expertes
552 3009 651 3061 Latine

247 3100 382 3159 Vindelici
400 3098 514 3153 didicere
534 3112 637 3164 nuper,
715 3128 718 3135 .

675 3178 700 3232 G
722 3176 750 3245 iij
